1962 3224
367 213 450 252 462
839 209 1330 251 ANNOTATIONES

426 319 688 374 σκηνήμασιν]
713 320 962 371 σκηνώμασιν
983 318 1167 360 Bothius.

427 397 522 441 252.
541 386 662 441 λέγω]
684 387 759 438 ἐγὼ
780 387 846 427 Μ.
869 385 1009 428 Guelf.

427 463 519 506 254.
547 453 662 505 ἄμφω
689 451 818 504 φυγὴν
839 452 993 504 ἔχοντε]
1026 451 1187 506 Nempe
1217 451 1395 497 Orestes,
1421 448 1607 504 quamvis
1634 447 1804 488 honesta

371 519 515 576 specie,
537 518 610 571 (cf.
629 519 781 573 Agam.
801 532 840 557 v.
862 517 976 570 889.)
997 531 1089 556 vere
1116 525 1251 556 tamen
1281 523 1366 555 erat
1395 530 1445 555 ex
1475 514 1632 555 aedibus
1661 514 1804 569 expul-

372 602 466 633 sus;
511 586 677 626 Electra
709 599 818 634 vero,
853 597 1119 638 quamquam,
1154 581 1378 622 secundum
1415 581 1660 636 AEschylum
1692 580 1805 621 haud

371 653 511 708 ejecta,
538 650 668 692 exsuli
697 659 831 691 tamen
862 648 1001 690 similis
1030 656 1129 698 erat⁷
1159 647 1220 688 vel
1253 657 1297 688 ut
1326 648 1413 703 ipsa
1438 647 1494 688 ait
1518 662 1556 688 v.
1577 661 1668 701 131.
1702 648 1807 687 ἀντί-

374 722 525 761 δουλος.
558 719 686 758 SCH.

434 794 527 838 257.
563 785 754 837 εὔθοινον]
795 784 956 824 εὔθυνον
989 781 1090 822 Ald.
1127 783 1261 822 Turn.
1294 789 1334 821 et
1368 780 1638 835 superscripto
1669 796 1706 820 οι
1740 779 1806 818 Μ.

375 851 614 904 Utrumque
634 849 924 904 interpretatur
944 847 1164 888 scholiasta.

436 925 529 969 259.
551 915 675 970 ἔχοις]
699 914 805 956 ἕλοις
823 913 925 953 Ald.
947 927 1080 953 errore
1102 912 1351 968 typothetae:
1386 911 1494 951 unde
1517 911 1620 953 ἕλοις
1639 911 1679 950 T
1686 925 1775 951 urn.

434 981 603 1034 εὐπειθῆ]
626 979 885 1020 Probabilius
905 988 962 1020 est
986 979 1131 1029 εὐπιθῆ,
1153 978 1264 1034 quod
1284 977 1420 1033 posuit
1440 977 1718 1018 Blomfieldus.

436 1049 530 1091 262.
552 1046 580 1088 δ’
604 1046 653 1087 ἂν
673 1046 818 1100 ἄρειας]
844 1046 1026 1097 δαναρίας
1047 1045 1110 1085 Μ.
1136 1043 1276 1085 Guelf.
1298 1043 1398 1083 Ald.
1421 1043 1527 1083 Rob.

438 1115 531 1169 263.
554 1113 673 1166 κάρτα
692 1127 772 1153 om.
796 1112 904 1153 Rob.

438 1179 674 1230 264—268.
697 1178 831 1219 Oresti
852 1177 995 1219 tribuit
1015 1177 1115 1218 Ald.

438 1246 533 1286 266.
563 1245 748 1297 γλώσσης
777 1244 907 1298 χάριν]
929 1245 1111 1299 Lingua:
1127 1244 1290 1298 gratia.
1313 1241 1551 1296 (AngLsbr
1570 1242 1634 1282 the
1653 1242 1750 1281 sake
1768 1242 1826 1296 ‘ff

380 1311 579 1366 talking.)
604 1315 628 1334 “
641 1314 684 1363 τῇ
705 1312 869 1363 γλώσσῃ
889 1311 1154 1363 χαριζόμενος,
1172 1317 1212 1348 et
1231 1308 1325 1348 hinc
1345 1310 1406 1349 διὰ
1426 1308 1495 1358 τὴν
1514 1309 1811 1360 γλωσσαλγίαν,

379 1379 430 1431 μὴ
451 1378 660 1429 δυνάμενος
680 1377 1094 1430 ἐχεμυθεῖν-Νοεῖνο
1114 1374 1223 1430 prior
1244 1374 1415 1416 Hesiod.
1441 1373 1554 1427 Ἔργ.
1577 1386 1669 1430 709.
1701 1376 1813 1426 Μηδὲ

380 1445 600 1497 ψεύδεσθαι
637 1444 823 1496 γλώσσης
860 1440 1012 1495 χάριν.”
1049 1442 1279 1481 ABREscH.
1340 1439 1511 1480 Proclus
1549 1439 1602 1481 ad
1643 1439 1814 1480 Hesiodi

381 1510 531 1560 locum,
555 1511 617 1550 διὰ
636 1509 815 1561 περιττὴν
835 1509 898 1548 καὶ
922 1508 1109 1558 ἀνόνητον
1135 1510 1201 1557 τῆς
1227 1508 1410 1559 γλώσσης
1430 1506 1563 1558 ὁρμήν.
1594 1505 1816 1561 Euripides

382 1576 486 1617 dixit
509 1577 673 1630 γλώσσῃ
693 1575 920 1629 χαρίζεσθαι
940 1574 1102 1629 linguat
1119 1573 1348 1629 indulgere.
1382 1574 1608 1613 BLOMF.

441 1642 680 1694 ἀπαγγείλῃ]
720 1641 933 1694 ἐπαγγείλῃ
966 1640 1031 1681 M.
1063 1639 1171 1680 Rob.
1214 1642 1435 1693 ἀπαγγελεῖ
1463 1641 1693 1695 Porsonus:
1730 1652 1816 1692 quo

385 1723 466 1750 non
486 1723 606 1764 opus.

444 1777 537 1828 267.
560 1774 624 1816 οὓς
643 1772 753 1824 ἴδοιμ’
777 1773 852 1825 ἐγώ
872 1778 985 1824 ποτε]
1011 1771 1223 1828 Aristoph.
1245 1772 1352 1813 Ach.
1372 1773 1490 1826 1156.
1515 1771 1560 1812 ὃν
1582 1770 1632 1811 ἔτ’
1652 1772 1817 1821 ἐπίδοιμι

385 1842 557 1883 τευθίδος
595 1838 937 1891 δεόμενον--ιὼὶ
977 1838 1197 1893 Berglerus
1236 1838 1346 1878 hunc
1382 1839 1517 1878 locum
1557 1837 1742 1886 contulit,
1777 1845 1818 1876 et

386 1906 536 1960 Eurip.
560 1904 676 1945 Med.
695 1905 785 1955 164.
807 1905 853 1944 ὅν
873 1903 956 1945 ποτ’
984 1906 1059 1957 ἐγὼ
1088 1906 1243 1957 νύμφαν
1270 1906 1303 1945 τ’
1330 1906 1488 1956 ἐσίδοιμ’
1514 1903 1520 1960 Ι
1547 1905 1673 1946 αὐτοῖς
1700 1902 1818 1954 μελά-

388 1976 492 2026 θροις
511 1970 833 2022 διακναιομένους.
865 1971 1093 2011 BLOMF.

446 2040 539 2081 268.
580 2041 700 2089 κηκῖδι
737 2037 938 2090 πισσήρει]
982 2039 1111 2078 Recte
1151 2037 1274 2078 schol.
1315 2038 1499 2088 καιόμενα
1531 2038 1606 2088 γὰρ
1639 2037 1688 2076 τὰ
1722 2036 1821 2086 ξύλα

387 2107 538 2148 πίσσαν
559 2106 700 2155 ἀνίησι.
740 2105 885 2159 Rogus
905 2103 1055 2144 scilicet
1074 2119 1124 2144 ex
1146 2103 1262 2144 taedis
1281 2103 1409 2159 pineis
1429 2104 1564 2144 fiebat.
1619 2101 1822 2142 Stanleius

388 2187 484 2212 vero
502 2170 691 2225 intelligit
717 2169 768 2210 de
796 2170 900 2225 pice,
920 2185 1015 2224 quae
1045 2185 1145 2224 rogo
1163 2169 1348 2211 adbiberi
1378 2170 1544 2211 solebat.
1576 2167 1758 2224 Hesych.
1779 2183 1820 2207 v.

389 2236 709 2287 Κωνῆσαι.-καὶ
738 2235 1016 2290 πισσοκωνήτῳ
1044 2237 1149 2290 μόρῳ
1180 2236 1381 2288 λέγουσιν,
1419 2237 1513 2276 ὅταν
1545 2236 1668 2290 πίσσῃ
1706 2251 1820 2274 κατα-

388 2302 616 2357 χρισθέντες
644 2302 746 2343 τινὲς
773 2301 848 2341 ὑπὸ
881 2301 999 2353 πυρὸς
1032 2301 1268 2342 ἀποθάνωσι.
1304 2303 1514 2355 Αἰσχύλος,
1545 2302 1607 2342 καὶ
1635 2305 1823 2353 Κρατῖνος

392 2369 603 2422 Κρήσσαις.
635 2367 827 2422 (Rectius
852 2366 1028 2407 Alberti.
1061 2369 1260 2421 Αἰσχύλος
1290 2367 1499 2420 Κρήσσαις,
1532 2368 1594 2408 καὶ
1623 2371 1820 2419 Κρατῖνος.

392 2434 581 2477 Photius.
624 2432 911 2488 Πισσοκωνήτῳ
946 2435 1039 2486 πυρί
1049 2450 1057 2474 :
1104 2437 1155 2489 τῷ
1188 2435 1397 2488 εὐκαύστῳ.
1442 2434 1526 2474 ἐπεὶ
1558 2435 1607 2474 τὰ
1641 2433 1824 2484 καιόμενα

391 2503 515 2551 πίσσῃ
544 2501 705 2553 χρίεται.
736 2500 937 2552 Αἰσχύλος
957 2499 1170 2551 Κρήσσαις.
1231 2501 1314 2540 Pro
1342 2501 1445 2552 πυρί,
1475 2499 1693 2554 legendum
1721 2507 1825 2554 puto

391 2567 531 2622 μόρῳ.)
585 2565 666 2606 Sed
687 2565 765 2606 hoc
785 2565 836 2605 de
856 2565 1149 2606 vivicomburio
1168 2565 1323 2607 dictum
1345 2575 1430 2607 est:
1463 2565 1553 2606 talis
1571 2574 1657 2606 erat
1677 2566 1825 2605 Romae

395 2636 536 2676 tunica
555 2634 736 2673 molesta.
770 2632 998 2673 BLOMF.

453 2702 548 2753 269.
585 2700 689 2740 οὔτοι
719 2699 856 2739 Turn.
890 2698 1059 2754 Steph.:
1097 2699 1179 2740 οὔτι
1206 2699 1300 2740 libri
1335 2698 1492 2754 reliqui.
1548 2697 1669 2738 Conf.
1700 2697 1825 2736 Eum.

396 2769 461 2807 61.
495 2766 616 2819 Λοξίᾳ
643 2767 893 2818 μεγασθενεῖ.
935 2764 1045 2805 Ibid.
1079 2766 1148 2818 63.
1185 2765 1339 2820 Apollo
1372 2765 1444 2814 ait,
1477 2765 1596 2806 Οὔτοι
1627 2763 1824 2816 προδώσω.

397 2831 626 2873 BLOMF.

455 2908 548 2950 272.
578 2896 644 2950 ὑφ’
663 2896 788 2952 ἧπαρ]
816 2898 906 2939 Sub
919 2898 1121 2953 jecinore.
1151 2897 1176 2938 i.
1199 2913 1235 2939 e.
1264 2898 1411 2939 intimo
1434 2903 1604 2952 pectore.
1637 2893 1825 2950 Sophocl.
