1962 3224
383 217 467 258 458
853 220 1347 262 ANNOTATIONES

435 340 533 383 314.
564 328 656 372 τάδε
684 330 828 387 φωνεῖ]
849 332 1003 387 Agam.
1024 345 1143 387 1304.
1174 333 1490 374 δακτυλόδεικτον
1517 330 1547 372 δ’
1569 331 1686 373 Οὖτις
1704 330 1813 371 ἀπει-

378 394 463 435 πὼν
483 396 601 448 εἴργει
618 396 840 450 μελάθρων,
860 399 1007 451 Μηκέτ·’
1028 399 1206 452 ἐσέλθῃς,
1227 399 1318 441 τάδε
1338 403 1490 453 φωνῶν.
1523 397 1750 439 BLOMF.

432 471 957 520 315-322=332-339·

432 540 626 585 323-33
637 543 652 570 1
664 535 955 586 =354—362·

431 598 952 653 345-353=363-371·

430 661 952 721 380-384=394—399·

431 728 953 784 385—393=410-417-

429 796 954 849 405—409=418—422.

428 872 510 915 423
520 880 561 898 =
570 873 651 916 433
663 881 704 899 =
712 874 952 917 444—455·

427 928 952 984 434—438=439-443·

425 996 948 1051 456—460=461--465.

423 1063 946 1119 466-470=471—475·

423 1139 522 1184 315.
543 1129 767 1183 αἰνοπάτηρ,
789 1131 1013 1186 Ιῃῄιαοιας
1031 1137 1170 1188 pater.
1201 1132 1222 1172 ὁ
1243 1132 1306 1173 ἐπὶ
1324 1133 1446 1175 αῖνοΐς
1463 1130 1599 1184 πατήρ.
1622 1128 1805 1187 Hesych.

369 1194 603 1237 Αἰνότοκοςε
639 1195 661 1235 ὁ
692 1195 755 1236 ἐπὶ
785 1198 885 1251 κακῷ
914 1197 1078 1250 τεχθείς.
1138 1199 1244 1238 Cum
1281 1197 1358 1239 hoc
1388 1197 1476 1239 loco
1510 1196 1807 1253 comparandus

369 1260 517 1317 Eurip.
548 1261 620 1302 Or.
647 1274 767 1318 1223.
802 1262 874 1303 ubi
909 1264 1073 1304 Orestes
1106 1273 1261 1320 patrem
1300 1264 1355 1305 sic
1387 1264 1572 1312 invocat3
1610 1262 1669 1304 Ὠ
1699 1266 1807 1315 δῶμα

367 1328 487 1369 ναίων
512 1328 647 1372 νυκτὸς
675 1331 880 1382 ὀρφναίας,
907 1330 1042 1384 πάτερ,
1064 1335 1193 1374 Καλεῖ
1220 1330 1257 1372 σ’
1286 1331 1476 1384 Ὀρέστης
1503 1335 1594 1374 παῖς
1623 1330 1693 1373 σὸς
1722 1330 1804 1371 ἐπί-

368 1412 507 1448 κουρον
525 1400 666 1447 μολεῖν
683 1401 777 1441 Τοῖς
797 1398 1028 1450 δεομένοισι.
1061 1400 1289 1441 BLOMF.

420 1473 517 1517 317.
538 1463 598 1514 ἂν,
622 1464 780 1522 ἕκαθεν]
804 1466 932 1506 Metri
954 1465 1098 1507 vitium
1119 1466 1284 1507 sustulit
1304 1467 1570 1507 Hermannus
1589 1465 1642 1506 ad
1664 1463 1800 1520 Viger.

365 1545 404 1585 p.
429 1542 524 1586 729.
545 1531 788 1587 corrigendo
807 1533 992 1586 ἄγκαθεν.

419 1598 596 1655 οὐρίσας]
616 1599 669 1641 Id
689 1609 750 1642 est
768 1600 925 1653 οὐρίσας
943 1600 1013 1642 τὸν
1031 1599 1193 1653 λόγονῆ
1213 1600 1255 1641 τὸ
1273 1600 1402 1653 ἔργον.
1425 1599 1741 1641 LACHMAN
1744 1599 1798 1639 N.

362 1664 414 1706 de
447 1665 556 1707 chor.
590 1677 687 1722 syst.
717 1682 761 1723 p.
787 1668 878 1708 108.
938 1667 1020 1718 Qui
1052 1667 1329 1722 interrogandi
1365 1666 1524 1722 signum
1553 1675 1646 1722 post
1677 1666 1798 1713 εὐναὶ,

361 1747 519 1774 comma
538 1742 675 1774 autem
698 1743 790 1790 post
811 1736 1010 1788 ἰσόμοιρον
1029 1734 1180 1791 posuit.
1231 1735 1290 1774 Et
1308 1734 1413 1774 hanc
1431 1732 1798 1789 interpunctionem

361 1809 525 1840 secutus
555 1810 615 1842 est
645 1800 872 1851 scholiasta,
903 1803 1021 1857 cujus
1050 1801 1351 1842 annotationem
1378 1799 1511 1841 versui
1541 1813 1640 1855 319.
1670 1813 1797 1855 appo-

361 1880 518 1908 nemus.

416 1946 513 1988 319.
554 1936 755 1987 ἰσόμοιρον
789 1936 924 1976 Turn.
962 1935 1105 1991 Steph.
1142 1936 1380 1988 ἰσοτίμοιρον
1413 1935 1479 1975 Μ.
1517 1933 1659 1975 Guelf.
1693 1932 1796 1974 Ald.

361 2001 471 2043 Rob.
503 2001 613 2043 unde
639 2002 883 2044 Erfurdtius
910 2003 963 2044 ad
995 2003 1124 2059 Soph.
1153 2002 1306 2044 Electr.
1329 2004 1394 2044 86.
1425 2002 1647 2054 ἆντίμοιρον
1675 1999 1799 2041 corri-

357 2068 540 2124 gendum
560 2084 645 2110 esse
663 2070 866 2111 censebat.
919 2075 947 2095 “
970 2071 1050 2112 Cui
1070 2070 1206 2111 favere
1225 2069 1412 2111 videatur
1433 2068 1657 2110 scholiastae
1674 2068 1797 2109 inter-

359 2135 550 2190 pretatio,
586 2137 726 2178 ἕκαθεν
754 2138 932 2190 οὐρίσας;
981 2137 1180 2191 πόρρωθέν
1209 2154 1282 2178 σου
1312 2136 1600 2189 ἀφοριζόμενος·
1647 2135 1697 2176 σὺ
1723 2136 1797 2187 μὲν

358 2203 434 2255 γὰρ
456 2204 499 2243 ε’ν
519 2204 658 2258 σκότῳ,
682 2205 758 2257 ἐγὼ
780 2206 822 2245 δὲ
843 2206 888 2246 ἐν
907 2208 958 2260 τῷ
980 2205 1092 2258 φωτί.
1125 2206 1302 2246 ἐναντίον
1320 2206 1396 2256 γὰρ
1415 2203 1459 2243 τὸ
1480 2207 1563 2256 φῶς
1581 2205 1633 2258 τῷ
1653 2203 1793 2257 σκότῳ.

356 2268 428 2310 Ab
460 2271 701 2312 Hermanno
730 2272 900 2313 Observ.
931 2272 1021 2313 crit.
1051 2287 1091 2327 p.
1124 2272 1190 2326 89.
1221 2269 1463 2326 intelligitur
1490 2270 1567 2310 lux
1594 2270 1794 2326 contigua

357 2337 549 2378 tenebris.
610 2337 692 2379 Sed
722 2346 808 2380 tota
837 2338 963 2394 hujus
990 2337 1067 2379 loci
1096 2337 1312 2378 difficultas
1340 2351 1391 2378 ex
1419 2352 1468 2378 eo
1496 2336 1662 2393 pendet,
1681 2336 1795 2393 quod

357 2418 439 2445 non
459 2414 754 2461 perspexerunt
773 2405 1014 2462 interpretes
1034 2405 1135 2459 φάος
1159 2404 1435 2446 accusativum
1465 2420 1563 2457 esse,
1589 2405 1640 2446 ad
1670 2404 1795 2461 parti-

355 2469 507 2526 cipium
529 2471 687 2524 οὐρίσας
706 2472 1002 2528 pertinentem;
1035 2487 1174 2514 sensus
1193 2481 1268 2523 est,
1293 2473 1404 2521 Quid
1429 2473 1564 2514 dicam
1592 2478 1667 2514 aut
1688 2473 1795 2529 vquid

337 2537 524 2593 fficiam,
543 2544 591 2579 ut
615 2553 814 2595 prospero
825 2541 945 2596 flatu
973 2553 995 2580 e
1021 2539 1261 2596 longinquo,
1285 2539 1357 2580 ubi
1386 2545 1424 2581 te
1451 2540 1599 2581 habent
1626 2539 1794 2589 cubilia,

356 2605 458 2645 mihi
487 2607 679 2662 expedire
706 2609 865 2663 possim
896 2609 1023 2649 lucem
1054 2607 1229 2648 tenebris
1264 2607 1457 2663 aequalem
1470 2609 1490 2648 ?
1525 2607 1571 2662 (i.
1593 2622 1628 2648 e.
1657 2606 1792 2648 laetam

354 2672 580 2724 fortunam,
601 2689 697 2730 quae
716 2674 962 2717 calamitates
981 2689 1240 2731 compensare
1269 2684 1416 2730 queat3
1467 2683 1514 2716 ut
1535 2680 1633 2731 post
1659 2679 1794 2715 tantos

354 2746 604 2782 renoventur
630 2742 797 2798 gaudia
830 2742 997 2796 luctus.)
1058 2743 1168 2783 Cum
1201 2741 1279 2783 hoc
1310 2740 1463 2798 optime
1497 2740 1700 2797 quadrant
1734 2755 1792 2781 se-

354 2806 537 2862 quentia,
557 2813 644 2849 tum
665 2822 761 2850 vero
775 2810 941 2865 gratia>
960 2809 1277 2859 celebrarentur,
1297 2809 1426 2850 lessus
1445 2809 1635 2850 honorem
1637 2808 1793 2863 firens

354 2873 518 2915 Atridis
531 2875 731 2928 pristinis
750 2876 902 2917 tedium
922 2876 1137 2917 dominis?
1169 2876 1396 2918 BLOMF.
1457 2874 1681 2916 Scholiasta
1699 2884 1791 2931 post
