1962 3224
353 198 439 241 394
825 199 1319 240 ANNOTATIONES

356 314 574 360 corruptus
605 305 846 361 Supplicum
876 306 1000 357 Ιοοιιε,
1022 322 1144 362 quem
1168 308 1248 349 huc
1277 307 1416 349 retulit
1445 307 1663 349 Dobraeus.
1714 307 1792 346 Est

356 381 494 412 autem
523 371 639 412 istius
667 372 818 413 fabulae
847 388 887 413 v.
912 386 1009 427 439.
1033 374 1096 414 καὶ
1113 374 1308 427 χρήμασιν
1326 376 1399 426 μὲν
1420 376 1462 415 ἐκ
1482 375 1609 425 δόμων
1627 375 1789 425 πορθου-

357 438 486 489 μένων
509 437 629 489 Ἀτης
657 455 704 492 γε
732 440 845 490 μείζω
876 441 937 480 καὶ
965 439 1050 492 μέγ’
1074 440 1276 491 ἐμπλήσας
1298 442 1433 493 γόμον,
1455 438 1599 480 Γένοιτ’
1619 439 1668 480 ἂν
1688 440 1794 479 ἄλλα

360 506 515 555 κτησίου
549 505 646 547 Διὸς
678 505 804 558 χάρις.
855 506 935 545 Est
965 515 1100 546 autem
1133 508 1252 559 γόμος
1283 521 1387 546 onus
1420 508 1554 547 navis.
1604 505 1736 560 Angl.
1767 519 1795 544 a

358 585 496 626 (ta-rgo.
528 571 621 612 Vid.
640 572 697 612 H.
720 571 850 612 Vales.
872 572 912 611 in
935 573 1137 627 Harpocr.
1155 588 1195 628 p.
1222 586 1311 627 139.
1345 572 1628 613 Conferendus
1647 571 1797 627 Diphi-

359 638 424 678 lus
450 654 516 694 ap.
539 639 696 679 Athen.
720 652 756 691 7.
779 654 818 694 p.
843 650 938 693 292.
961 641 1016 680 A.
1037 638 1060 690 ἢ
1081 639 1209 692 φορτί’
1233 638 1403 693 ἐξέρριψ’
1424 639 1664 691 ὑπέραντλος
1684 640 1796 692 γενό-

358 719 486 755 μενος.
518 705 746 746 BLOMF.

421 784 543 822 1014.
578 772 848 812 Frumentum
870 771 1019 812 dicitur
1038 774 1172 812 πολλὰ
1198 773 1305 814 δόσις
1335 773 1377 812 ἐκ
1399 772 1505 819 Διός,
1529 781 1574 812 ut
1593 771 1634 811 in
1657 770 1794 812 Theb.

360 847 457 890 354.
477 840 609 877 πολλὰ
629 841 699 890 γᾶς
719 839 838 880 δόσις.
870 838 1099 878 BLOMF.
1150 839 1192 877 ἐκ
1211 852 1291 878 om.
1315 839 1372 878 T.

420 913 541 956 1015.
564 905 624 944 καὶ
646 903 703 957 ἐξ]
724 903 798 953 κάξ
817 903 882 944 Fl.

420 971 542 1010 1016.
570 972 705 1020 νῆστιν
725 970 877 1010 ὤλεσεν
898 968 1033 1024 νόσον]
1066 970 1104 1010 Ι.
1124 984 1159 1010 e.
1180 969 1295 1021 λιμὸν
1316 969 1580 1017 διεσκέδασεν,
1603 978 1650 1010 ut
1669 969 1797 1025 expli-

358 1044 422 1076 cat
442 1035 669 1076 scholiasta.

423 1103 542 1143 1018.
579 1101 738 1143 πεσόνθ’
783 1103 927 1157 (πεσὸν
966 1102 1178 1155 Pauwius)
1220 1103 1338 1156 ἅπαξ]
1386 1100 1655 1143 Scribendum
1695 1101 1797 1152 ἅπαξ

360 1168 486 1209 πεσὸν
505 1183 597 1209 cum
618 1170 813 1209 Porsono.

423 1248 542 1278 1020.
565 1235 808 1289 προπάροιθ’]
829 1234 981 1288 πρόπαρ
1003 1236 1038 1275 F
1042 1235 1069 1275 l.

420 1303 476 1344 τίς
496 1302 545 1342 ἂν
564 1302 683 1342 πάλιν
704 1303 809 1355 ἁγκ.]
834 1303 891 1344 τίς
910 1301 940 1342 τ’
964 1303 1050 1353 ἆγκ.
1073 1303 1129 1342 Τ.
1150 1302 1297 1342 omisso
1316 1302 1452 1342 πάλιν.

425 1381 543 1419 1024.
574 1369 671 1411 Ζεὺς
692 1368 770 1409 αὖτ’
802 1369 971 1410 ἔπαυσεν
993 1370 1094 1421 (αὔτ’
1116 1368 1251 1410 ἔπαυσ’
1274 1370 1309 1409 F
1314 1370 1339 1408 l.
1363 1370 1440 1422 Τ.)
1463 1367 1520 1409 ἐπ’
1543 1369 1730 1423 εὐλαβείᾳ
1749 1385 1797 1421 γε

365 1436 428 1486 (γε
456 1449 536 1475 om.
564 1434 669 1490 Fl.)]
701 1436 852 1476 Versus
879 1435 1127 1490 ineptissime
1153 1434 1434 1490 interpolatus.
1478 1434 1615 1475 Auxit
1643 1435 1795 1475 malum

363 1500 586 1541 Triclinius
612 1502 800 1556 εὐλαβείᾳ
828 1502 869 1542 in
895 1503 1095 1556 ἀβλαβείᾳ
1125 1502 1338 1552 mutando,
1359 1501 1410 1542 ad
1431 1517 1553 1556 quam
1584 1501 1795 1542 lectionem

360 1577 514 1622 spectat
545 1567 738 1618 scholion,
759 1568 827 1609 τὸν
850 1567 1094 1619 Ἀσκληπιὸν
1122 1571 1197 1621 γὰρ
1227 1570 1491 1621 ἐκεραύνωσεν
1520 1568 1798 1619 ἀναστήσαντα

359 1634 429 1675 τὸν
447 1634 696 1684 Ἱππόλυτον,
717 1633 818 1675 ὥστε
836 1635 888 1686 μὴ
907 1638 1121 1687 βλαβῆναι.

422 1713 712 1756 1025—1034.
735 1703 885 1742 Sensus
905 1701 1051 1742 horum
1072 1715 1264 1741 versuum
1285 1700 1350 1741 hic
1370 1708 1445 1751 est,
1462 1701 1537 1741 nisi
1556 1701 1657 1741 fines
1677 1716 1699 1742 a
1719 1701 1799 1741 diis

361 1767 586 1823 praescripti
608 1783 672 1808 me
692 1767 966 1809 cohibuissent
985 1783 1037 1808 ne
1057 1769 1157 1808 fines
1178 1782 1287 1808 meos
1307 1767 1414 1808 ultra
1442 1768 1679 1823 proferrem,
1702 1783 1797 1808 sane

360 1834 449 1875 haec
475 1834 607 1890 palam
630 1836 835 1889 professus
854 1850 993 1875 essem.
1052 1836 1176 1875 Nunc
1197 1834 1316 1875 tacite
1341 1849 1455 1875 mens
1473 1845 1645 1876 vexatur
1663 1850 1797 1890 neque

361 1900 590 1956 quidquam
631 1901 755 1941 fausti
804 1901 1063 1957 proditurum
1105 1916 1191 1942 esse
1233 1910 1382 1957 sperat,
1426 1910 1537 1942 metu
1585 1901 1795 1943 concitata.

363 1969 404 2008 K
413 1967 668 2009 LAUSEN.

423 2047 542 2088 1027.
565 2036 666 2076 Post
687 2036 823 2088 φέρειν
842 2035 993 2076 excidit
1015 2049 1185 2076 comma.

423 2115 542 2156 1030.
563 2102 702 2154 βρέμει
723 2101 922 2153 ἐλπομένα
943 2103 998 2142 Τ.
1020 2101 1163 2142 mediis
1181 2102 1348 2142 omissis.

420 2181 496 2222 103
500 2181 541 2223 5.
574 2168 701 2208 Redit
723 2168 1036 2224 Clytaemnestra
1064 2168 1105 2207 in
1135 2183 1294 2209 scenam
1314 2168 1646 2224 Casandramque
1671 2184 1795 2210 curru

358 2235 604 2277 descendere
622 2245 747 2290 atque
766 2234 932 2275 introire
945 2234 1078 2289 jubet.
1111 2235 1242 2275 SCH.

422 2304 541 2357 1036.
563 2303 770 2356 ἀμηνίτως]
795 2303 992 2352 ἆμηνίτοις
1012 2298 1199 2342 Auratus
1218 2301 1450 2356 conjectura
1468 2302 1681 2357 probabili.

420 2370 541 2423 1038.
574 2369 729 2420 κτησίου
757 2368 908 2422 βωμοῦ]
940 2368 1105 2418 κτήσιος,
1127 2369 1262 2408 Penas
1288 2367 1352 2408 vel
1379 2369 1626 2411 Penuarizcs.
1678 2371 1709 2410 J
1711 2371 1797 2410 ovis

360 2436 517 2477 titulus.
565 2435 711 2490 Suppl.
745 2448 839 2488 940.
872 2435 1030 2485 κτησίου
1060 2434 1155 2477 Διὸς
1185 2434 1313 2487 χάριν.
1360 2439 1387 2459 “
1404 2434 1627 2488 Dionysius
1655 2436 1725 2477 lib.
1761 2451 1794 2477 1.

359 2504 473 2544 Deos
488 2510 655 2558 penates
673 2517 697 2542 a
718 2500 875 2542 Graecis
894 2500 1158 2556 scriptoribus
1177 2500 1256 2540 dici
1278 2500 1415 2540 scribit
1434 2501 1581 2556 partim
1605 2504 1794 2554 κτησίους,

358 2568 505 2624 partim
530 2568 711 2620 ἑρκείους,
733 2566 946 2622 πατρῴους,
965 2568 1137 2619 μυχίους.
1171 2566 1250 2607 Sed
1271 2566 1342 2608 lib.
1358 2569 1395 2608 8.
1418 2583 1459 2623 p.
1475 2581 1540 2622 15.
1559 2568 1660 2610 lares
1681 2579 1795 2610 vocat

361 2635 471 2677 θεοὺς
500 2636 687 2685 κτησίους.
740 2634 846 2674 Inde
875 2643 951 2683 est,
981 2633 1095 2688 quod
1123 2633 1165 2673 in
1197 2633 1297 2674 cella
1322 2635 1519 2690 penuaria
1542 2636 1798 2677 statuebatur

359 2701 448 2757 ejus
469 2700 729 2741 simulacrum
744 2720 755 2750 3
787 2714 880 2740 nam
903 2699 943 2739 in
958 2699 1058 2740 cella
1073 2699 1248 2754 reposita
1263 2710 1358 2741 sunt
1375 2700 1575 2751 utensilia,
1591 2702 1614 2752 ἡ
1631 2701 1795 2752 κτῆσις.”

359 2769 421 2808 Η.
444 2766 578 2808 Vales.
599 2767 638 2806 in
663 2768 866 2825 Harpocr.
886 2781 927 2821 p.
954 2778 1045 2808 120.
1096 2768 1211 2822 Apte
1231 2777 1366 2808 autem
1389 2767 1582 2808 dicuntur
1602 2767 1703 2808 servi
1725 2768 1795 2808 ad-

359 2844 463 2875 stare
482 2835 511 2873 J
515 2833 601 2873 ovis
624 2833 749 2873 Ctesii
768 2848 863 2882 arae,
885 2848 980 2888 quae
1009 2833 1051 2873 in
1080 2833 1180 2874 cella
1209 2834 1405 2889 penuaria
1423 2834 1607 2874 collocari
1629 2833 1795 2876 solebat.

359 2901 565 2955 Harpocr.
591 2899 759 2951 Κτήσιον
780 2900 858 2940 Δία
879 2901 923 2940 ἐν
943 2903 1022 2943 τοῖς
1041 2900 1211 2951 ταμείοις
1230 2901 1392 2952 ἵδρυντο.
1444 2899 1674 2953 Μένανδρος
1698 2904 1796 2942 Ψευι
