1962 3224
514 186 604 227 AD
635 184 1174 227 AGAMEMNONEM.
1494 185 1582 225 343

113 298 203 340 κυσὶ
222 298 379 350 πατρός,
401 294 596 351 intelligit
617 293 896 337 Klausenius:
929 295 983 336 ab
1004 294 1075 336 illo
1101 294 1208 336 enim
1242 294 1346 350 petit
1369 294 1508 335 Diana
1538 305 1586 336 ut

111 373 248 407 ratum
268 362 393 404 faciat
413 361 528 418 quod
550 361 776 418 portendit.
814 383 817 384 ⁷

172 434 310 484 κρᾶναι
336 429 399 471 vel
431 429 570 483 κράναι
598 431 664 471 Μ.
694 429 761 471 Fl.
785 431 842 471 Τ.
865 429 1009 472 Guelf.
1034 431 1171 471 Turn.
1194 428 1298 471 Ald.
1316 428 1430 470 Rob.
1462 428 1587 482 φάναι

115 498 261 556 Steph.
282 514 335 539 ex
355 497 623 539 annotatione
644 497 890 540 scholiastae.

176 579 269 622 145.
290 569 398 619 δεξιὰ
416 567 510 622 μὲν]
537 565 781 616 Scholiasta,
805 568 915 618 δεξιὰ
933 567 997 607 διὰ
1016 565 1088 617 τὴν
1116 567 1240 617 νίκην,
1265 565 1505 619 κατάμομφα
1524 567 1588 607 διὸ,

114 634 184 676 τὸν
203 636 332 689 χόλον
350 634 590 688 Ἀρτέμιδος.

172 702 365 756 φάσματα
395 701 618 758 στρουθῶν]
650 706 728 744 τῶν
758 705 961 756 στρουθῶν
992 703 1028 743 F
1032 701 1058 743 l.
1082 703 1138 743 T.
1194 706 1223 726 “
1246 700 1354 743 Dele
1384 705 1589 755 στρουθῶν

116 786 168 812 ex
189 770 241 812 Il.
263 775 310 822 B,
330 785 429 827 311.
458 781 500 812 et
530 786 646 828 seqq.
676 770 1014 828 interpolatum.''
1044 770 1306 812 PORSON.
1367 769 1589 811 Verissime

117 839 344 880 Porsonus.
406 839 559 881 Deleto
590 849 731 881 autem
764 843 980 893 στρουθῶν,
1011 839 1127 895 quod
1166 847 1300 880 metro
1329 838 1587 889 adversatur,

118 906 268 948 lacuna
286 907 522 950 indicanda.
585 909 669 949 Per
690 909 817 950 ἀετῶν
836 907 1016 964 explicat
1038 907 1279 949 scholiasta:
1317 907 1392 964 qui
1412 922 1494 949 non
1515 922 1589 964 po-

121 984 295 1017 tuerunt
315 977 504 1029 στρουθοὶ
524 975 618 1017 dici.

179 1044 273 1095 146.
297 1043 413 1099 ἰήιον]
433 1046 522 1095 ἵηον
541 1043 645 1085 Ald.
668 1045 805 1085 Turn.
836 1045 937 1085 ἵκιον
958 1042 1071 1084 Rob.

179 1111 327 1166 καλέω]
355 1116 463 1153 καλῶ
484 1111 711 1153 Burneius.

184 1191 276 1233 149.
305 1180 496 1233 ἐχενῇδας
519 1179 738 1220 Burneius.
771 1177 979 1233 ἐχενηίδας
997 1177 1109 1219 libri.
1139 1178 1305 1232 χρονίας
1325 1186 1419 1233 post
1440 1178 1592 1232 ἐχενηί-

122 1250 192 1291 δας
211 1246 507 1303 transpositum
529 1247 571 1287 in
593 1248 650 1289 T.

182 1327 199 1355 ῐ
206 1325 276 1370 50.
298 1315 488 1371 ἀπλοίας]
511 1314 680 1359 ἁπλοΐας
700 1314 797 1356 Ald.
819 1313 930 1356 Rob.
965 1312 1157 1356 ἀπλοΐδας
1178 1313 1245 1354 Fl.
1268 1313 1324 1355 Τ.

185 1394 279 1439 151.
311 1384 560 1437 σπευδομένα
581 1385 638 1426 Τ.
660 1384 773 1425 Rob.
798 1383 943 1440 Steph.
970 1381 1222 1435 σπευδομένα
1243 1381 1346 1423 Ald.
1371 1383 1509 1424 Turn.
1532 1383 1594 1436 (et

125 1451 266 1493 Guelf.
288 1468 312 1493 a
332 1453 596 1506 correctore).
628 1453 848 1504 σπεύδομαι
866 1467 967 1493 voce
995 1450 1133 1492 media
1163 1450 1369 1492 rarissime
1398 1450 1593 1501 occurrit,

123 1519 260 1561 nescio
279 1535 331 1561 an
353 1519 464 1571 alibi,
486 1520 563 1561 nisi
583 1520 626 1560 in
649 1522 830 1561 Eumen.
853 1522 954 1576 363.
976 1521 1241 1572 σπευδόμεναι
1261 1519 1292 1561 δ’
1315 1521 1487 1573 ἀφελεῖν
1506 1521 1595 1561 τινὰ

123 1587 245 1629 τάσδε
272 1589 473 1641 μερίμνας.
505 1589 737 1640 σπεύδομαι,
760 1588 898 1629 media
916 1603 1030 1639 voce,
1058 1603 1179 1644 aeque
1208 1603 1255 1629 ac
1284 1590 1486 1642 χαίρομαι,
1507 1588 1596 1629 Da-

124 1655 293 1698 tismum
328 1671 415 1698 esse
449 1657 506 1698 ait
540 1656 767 1698 Elmsleius
797 1656 851 1697 ad
882 1656 1035 1713 Eurip.
1068 1656 1188 1697 Med.
1220 1672 1262 1713 p.
1290 1668 1382 1697 112.
1413 1655 1481 1697 cui
1512 1671 1594 1697 non

124 1724 335 1766 assentior.
396 1724 563 1782 Quippe
582 1726 739 1779 χαίρειν
758 1725 932 1766 verbum
955 1735 1017 1766 est
1037 1734 1250 1774 neutrum,
1273 1725 1430 1766 σπεύδω
1451 1723 1597 1765 transi-

126 1791 289 1843 tivum;
333 1792 511 1849 ideoque
545 1801 657 1835 recte
692 1792 773 1835 dici
805 1792 944 1850 potuit
974 1793 1191 1845 σπεύδομαι
1220 1793 1449 1849 depropero
1478 1793 1596 1833 mihi.

129 1860 327 1901 Ceterum
346 1860 388 1902 in
409 1861 488 1902 hoc
508 1860 599 1903 loco
615 1861 792 1903 Calchas
807 1861 1049 1918 Apollinem
1069 1860 1235 1903 invocat
1254 1860 1309 1902 ad
1329 1861 1595 1903 avertendam

129 1927 279 1969 Dianae
298 1928 416 1970 iram.
447 1930 680 1970 BLOMF.

187 1996 350 2052 θυσίαν]
375 1996 624 2038 Observavit
656 1997 879 2039 Schutzius
901 1997 1154 2053 AEschylum
1184 2011 1369 2038 caussam
1401 1995 1599 2037 adtulisse

130 2063 228 2104 satis
256 2063 435 2114 futilem,
467 2079 564 2120 quae
592 2064 771 2106 Dianam
803 2065 857 2106 ad
887 2065 1055 2106 classem
1087 2063 1130 2104 in
1150 2063 1310 2105 Aulide
1339 2063 1598 2104 retinendam

130 2130 357 2188 impulerit,
382 2131 699 2189 Iphigeniaeque
720 2132 963 2174 sacrificium
985 2131 1251 2188 exigendum.
1313 2130 1438 2182 Quod
1464 2131 1601 2172 nescio

130 2214 182 2241 an
205 2215 300 2241 vere
328 2199 662 2241 animadversum
693 2200 773 2252 sit3
807 2216 990 2257 namque
1019 2200 1099 2242 hoc
1128 2209 1369 2256 portentum
1400 2214 1482 2241 non
1515 2210 1599 2241 tam

130 2282 282 2309 caussa
310 2283 436 2324 quam
467 2269 644 2325 signum
674 2269 756 2310 fuit
787 2269 973 2310 sacrificii
1004 2269 1057 2310 ab
1089 2268 1254 2310 Atridis
1283 2283 1380 2310 mox
1412 2283 1603 2309 consum-

133 2335 286 2376 mandi.
348 2337 447 2392 Ipse
467 2352 564 2377 vero
583 2338 878 2392 Agamemnon
905 2336 1161 2393 jamdudum
1182 2351 1336 2377 numen
1359 2335 1509 2377 Dianae
1529 2335 1599 2377 lae-

134 2412 255 2445 serat.
315 2404 520 2445 Fabulam
550 2404 602 2446 de
626 2405 859 2462 Iphigeniae
887 2404 1148 2453 mactatione,
1169 2419 1248 2461 pro
1266 2404 1388 2445 libitu
1409 2403 1604 2445 immuta-

134 2480 235 2512 runt
253 2481 402 2527 poetae.
425 2471 552 2528 soph.
576 2472 734 2514 Electr.
755 2474 853 2528 576.
878 2472 1041 2514 Callim.
1065 2474 1125 2513 H.
1148 2472 1274 2513 Dian.
1299 2474 1395 2516 262.
1416 2482 1457 2513 et
1478 2472 1603 2529 scrip-

136 2549 203 2580 tor
231 2542 310 2579 τῶν
340 2541 535 2592 Κυπρίων,
567 2549 671 2582 teste
699 2541 863 2592 Proclo,
888 2541 953 2582 ed.
987 2540 1199 2582 Gaisford.
1229 2555 1272 2596 p.
1302 2551 1401 2595 475.
1423 2540 1602 2581 Dianam

136 2622 186 2647 eo
205 2606 350 2647 iratam
372 2607 499 2649 fuisse
519 2608 706 2660 tradunt,
729 2608 844 2664 quod
864 2610 1174 2664 Agamemnon,
1196 2622 1358 2648 cervam
1380 2607 1603 2664 configens,

137 2689 179 2715 se
199 2673 289 2714 deae
303 2673 529 2729 jaculando
548 2691 688 2732 parem
705 2676 891 2732 jactavit.
937 2676 1005 2717 Cf.
1029 2677 1177 2716 TzetZ.
1198 2674 1251 2716 ad
1275 2675 1488 2730 Lycophr.
1510 2676 1604 2727 184.

138 2741 315 2783 Ptolem.
339 2742 557 2798 Hephaest.
579 2758 645 2799 ap.
669 2744 794 2784 Phot.
818 2743 927 2784 Bibl.
953 2759 994 2799 p.
1016 2743 1115 2798 483.
1143 2742 1216 2783 ubi
1246 2741 1390 2782 fabula
1419 2741 1607 2797 aliquan-

140 2818 230 2850 tum
253 2809 448 2851 variatur.
509 2810 736 2866 Euripides
755 2826 868 2861 vero,
889 2810 963 2867 qui
984 2826 1034 2851 ex
1056 2818 1222 2866 recepta
1242 2809 1376 2850 aetatis
1401 2824 1486 2850 suae
1514 2824 1605 2866 my-

142 2877 327 2933 thologia
353 2878 542 2920 recedere
570 2878 750 2928 amabat,
773 2877 1036 2934 Iphigeniam
1062 2893 1114 2918 ex
1145 2887 1244 2918 voto
1267 2878 1449 2933 quodam
1478 2877 1608 2933 patris

145 2945 207 2987 sui
239 2946 389 2987 Dianae
418 2947 600 2989 debitam
628 2946 755 2987 fuisse
782 2945 920 2987 tradit.
983 2944 1239 2987 Sacrificium
1271 2944 1405 3000 tangit
1438 2945 1606 2986 Pindar.
