1962 3224
599 138 689 180 AD
721 138 1161 181 CHOEPHORAS.
1528 139 1610 181 501

209 250 255 302 δὴ
284 252 333 292 τὰ
362 251 583 292 Porsonus.
627 253 723 302 δῆτα
752 251 891 292 Turn.
933 250 977 290 δὲ
1005 250 1054 290 τὰ
1085 246 1228 290 Guelf.
1259 246 1362 289 Ald.
1394 247 1504 290 Rob.
1549 250 1613 292 δαὶ

152 321 202 361 τὰ
223 320 288 360 Μ.
318 322 394 360 ποῦ
413 317 507 370 δῆτά
527 334 592 359 σοι
611 322 660 359 τὰ
679 319 823 369 Λοξίου
841 334 883 369 μ.
905 314 1193 358 Blomfieldus.

208 391 284 429 ποῦ
312 389 361 428 τὰ
379 387 629 439 μαντεύματα
644 386 677 443 ς]
701 391 730 411 “
747 387 817 427 Ita
837 394 877 427 et
898 384 1048 441 Eurip.
1072 384 1176 426 Tro.
1195 384 1293 437 428.
1314 387 1391 426 ποῦ
1411 383 1442 426 δ’
1463 383 1611 427 Ἀπόλ-

151 460 279 500 λωνος
297 456 426 509 λόγοι,
449 457 490 497 οἵ
511 461 636 510 φασιν
658 473 692 496 κ.
714 472 747 496 τ.
768 460 808 496 λ.
858 453 1052 511 Sophocli
1082 454 1148 495 ἵνα
1176 452 1333 510 placuit
1362 452 1404 494 in
1427 453 1530 494 OEd.
1554 454 1610 495 T.

152 535 246 579 952.
267 525 330 565 Τὰ
349 523 460 575 σέμν’
483 522 530 565 ἵν’
551 524 635 575 ἥκει
650 526 720 564 τοῦ
739 526 831 564 θεοῦ
850 522 1126 575 μαντεύματα;
1159 533 1200 563 et
1221 522 1317 576 946.
1339 519 1370 562 ὦ
1390 524 1491 563 θεῶν
1510 539 1611 574 μαν-

149 592 331 643 τεύματα,
347 590 420 633 “Iv’
444 591 536 633 ἔστε
548 592 587 642 ;''
617 593 854 633 Ammscn.
914 588 1156 645 Euripides,
1176 588 1260 630 sive
1280 588 1374 645 quis
1399 588 1518 639 alius,
1540 604 1610 646 ap.

150 658 365 700 Plutarch.
399 659 566 702 Consol.
596 659 650 701 ad
678 659 824 714 Apoll.
857 674 898 715 p.
925 670 1019 713 192.
1041 660 1130 699 Ποῦ·
1152 659 1229 711 γὰρ
1256 659 1306 699 τὰ
1333 658 1460 709 σεμνὰ
1485 660 1609 706 κεῖνα,

149 730 226 769 ποῦ
249 729 290 769 δὲ
311 730 456 781 Λυδίης
486 728 628 782 Μέγας
657 728 849 779 δυνάστης
879 730 1138 780 Κροῖσος-;
1172 724 1353 782 Anglice
1382 725 1612 767 diceremus

151 795 302 850 (What
320 797 359 839 2¹3
378 797 532 838 become
550 798 663 853 qf—
675 797 715 850 ,9)
748 795 981 837 BLOMF.

208 875 306 920 905.
329 864 543 920 κρείσσον’]
566 862 748 918 κρέσσον’
771 864 838 905 Μ.
861 862 972 905 Rob.
995 861 1130 917 κρέσσ’
1153 862 1208 904 ὧν
1227 861 1332 904 Ald.

206 933 305 987 906.
324 933 568 988 ξυγκάθευδ’]
594 933 835 987 συγκάθευδε
855 931 968 973 Rob.

209 1000 307 1055 908.
330 1003 417 1057 νῦν]
446 1000 718 1043 Scribendum
742 1001 816 1043 σὺν
836 1015 931 1042 cum
951 1001 1131 1042 Aurato.

208 1081 304 1123 910.
326 1069 525 1125 παραιτία]
547 1069 733 1110 παναιτία
755 1068 944 1110 Bothius.

208 1150 306 1192 912.
329 1138 496 1193 σεβίζει]
518 1138 657 1193 σεβίζῃ
677 1137 785 1179 libri.

209 1218 306 1260 914.
331 1206 404 1261 εἰς]
428 1205 702 1247 Scribendum
724 1206 764 1248 ἐς
784 1220 877 1246 cum
897 1203 1005 1246 Rob.
1031 1203 1176 1260 Steph.

208 1273 392 1328 ἀπέρριψ’
425 1275 464 1317 ἐς
490 1275 629 1327 δόμους
659 1272 903 1328 δορυξένους]
935 1273 1067 1314 Recte
1096 1270 1258 1313 monuit
1286 1272 1483 1315 Pauwius
1513 1290 1611 1333 sup-

150 1340 349 1398 plendum
379 1357 465 1383 esse
493 1341 704 1397 πέμψασᾳ,
730 1341 939 1396 Αζήεεὶεεε
968 1341 1132 1398 quidem
1166 1347 1205 1382 te
1233 1356 1317 1383 non
1346 1348 1454 1384 recte
1480 1343 1610 1396 dicor,

147 1425 276 1467 quum
297 1412 343 1452 in
363 1410 538 1468 hospitis
560 1411 665 1452 aedes
684 1412 883 1452 miserim.
932 1409 1068 1452 Schol.
1090 1411 1159 1452 οὐκ
1180 1409 1290 1452 ἔστιν
1310 1411 1545 1465 ἀπορρῖψαι,
1565 1413 1611 1454 τὸ

149 1479 369 1533 δορυξένοις
389 1480 570 1520 ἐνδοῦναι
589 1479 686 1532 πρὸς
706 1478 946 1532 ἀνατροφήν.
994 1479 1111 1535 Lege
1131 1480 1322 1520 ἐκδοῦναι.
1355 1479 1588 1523 BLOMF.

205 1558 300 1602 915.
332 1550 450 1602 διχῶς
480 1547 668 1602 ἐπράθην]
695 1547 884 1588 Primum
908 1561 1057 1603 nempe
1078 1546 1195 1602 quasi
1216 1545 1460 1589 vendiderat
1479 1556 1612 1589 mater

147 1613 291 1666 filium,
317 1629 368 1656 ex
397 1614 558 1656 aedibus
587 1630 682 1656 eum
713 1614 896 1671 paternis
925 1614 1141 1671 ejiciendo,
1169 1613 1320 1656 iterum
1350 1630 1460 1666 vero,
1492 1625 1610 1672 patre

147 1682 294 1734 occiso,
332 1682 443 1724 bona
483 1683 573 1739 ejus
610 1682 857 1734 invadendo,
896 1697 1077 1739 quorum
1117 1682 1250 1724 haeres
1292 1698 1379 1724 esse
1417 1683 1608 1726 debebat.

149 1750 334 1792 Heathio
352 1751 395 1792 in
416 1760 594 1792 mentem
617 1751 728 1793 venit
749 1754 923 1805 αἰσχρῶς
944 1750 1133 1804 ἐπράθην.
1168 1752 1301 1793 SCH.

206 1819 302 1872 916.
334 1820 355 1860 ὁ
385 1823 495 1871 τῖμος
526 1820 745 1861 Canterus.
790 1821 811 1860 ὁ
840 1820 948 1872 τιμὸς
981 1819 1124 1876 Steph.
1170 1820 1302 1871 ὅτιμος
1332 1819 1477 1861 Guelf.
1504 1820 1608 1863 Ald.

149 1886 260 1928 Rob.
291 1887 424 1939 ἄτιμος
444 1888 580 1928 Turn.

198 1959 226 1979 “
243 1953 539 1996 Animadverte
558 1970 583 1996 a
602 1954 811 1996 nonnullis
839 1955 1117 2011 grammaticis
1147 1954 1268 1996 scribi
1287 1969 1369 1996 non
1392 1955 1514 2007 τιμὸς,
1537 1956 1610 1998 sed

147 2027 272 2074 τῖμος,
293 2031 335 2064 et
362 2022 535 2064 fortasse
557 2022 716 2074 melius,
738 2032 914 2064 retracto
933 2032 1104 2064 accentu
1134 2023 1176 2063 in
1207 2022 1400 2079 priorem,
1421 2031 1468 2064 ut
1491 2024 1538 2064 fit
1565 2024 1609 2066 in

149 2089 247 2135 ὣνος
275 2099 316 2132 et
346 2090 463 2142 ὠνή.”
493 2091 555 2133 Η.
578 2091 747 2132 STEPH.
808 2091 1005 2133 Eustath.
1026 2091 1069 2132 in
1102 2091 1156 2132 ΙΙ.
1184 2095 1231 2133 Ε.
1263 2106 1306 2147 p.
1330 2092 1430 2147 563,
1454 2100 1522 2146 25.
1551 2091 1610 2134 ἔτι

149 2157 282 2200 ἰστέον
311 2159 371 2200 ὅτι
400 2159 533 2212 ὥσπερ
557 2160 716 2213 φθογγὴ
747 2161 937 2214 φθόγγος,
960 2159 1064 2214 χολὴ
1089 2160 1225 2214 χόλος,
1247 2159 1335 2211 τιμὴ
1359 2163 1480 2211 τῖμος,
1502 2161 1610 2213 παρὰ

147 2228 194 2277 τῇ
224 2227 412 2282 κωμῳδίᾳ,
443 2226 488 2268 τὸ
517 2229 671 2279 τίμημα,
702 2227 804 2278 ποθὴ
834 2230 967 2276 πόθος,
992 2228 1071 2279 ὠνὴ
1101 2227 1213 2275 avos,
1244 2227 1352 2280 βολὴ
1381 2229 1520 2279 βόλος,
1544 2228 1609 2270 καὶ

148 2292 274 2346 ἕτερα,
301 2295 398 2336 οὕτω
428 2295 532 2347 πύλη
561 2297 696 2344 πύλος,
729 2296 954 2349 ἀρσενικῶς.
1016 2295 1098 2337 Sed
1128 2296 1244 2348 πύλη,
1276 2295 1330 2336 ob
1360 2304 1605 2338 accentuum

147 2360 439 2413 diversitatem,
460 2378 542 2405 non
563 2363 747 2420 oportuit
766 2379 860 2406 cum
882 2363 1026 2406 ceteris
1044 2379 1295 2421 comparare.
1329 2365 1561 2407 BLOMF.

205 2439 302 2484 917.
323 2448 388 2472 σοι
409 2432 623 2474 Canterus.
657 2450 729 2474 σου
749 2432 855 2474 libri.

206 2497 302 2550 918.
324 2498 389 2550 μὴ,
411 2498 519 2555 ἀλλ’]
543 2500 814 2542 Scribendum
836 2500 969 2553 μάλλ’.

204 2563 276 2620 μὴ]
301 2564 395 2606 Scil.
416 2568 621 2621 αἱσχύνου,
642 2584 684 2624 q.
704 2569 747 2609 d.
770 2570 932 2610 remitto
952 2569 1026 2610 tibi
1047 2570 1174 2610 istum
1193 2572 1396 2626 pudorem
1412 2587 1426 2618 ;
1459 2584 1606 2626 expro-

146 2632 272 2673 brare
301 2634 412 2674 enim
438 2634 541 2675 mihi
566 2636 673 2686 licet,
698 2649 791 2692 quae
816 2637 896 2687 vis,
923 2636 1041 2677 modo
1065 2638 1190 2677 etiam
1212 2640 1353 2693 patris
1381 2639 1446 2679 tui
1473 2639 1606 2680 malos

146 2713 307 2742 errores
335 2701 534 2742 similiter
561 2716 771 2744 memores.
831 2703 972 2746 Μάτας
1005 2719 1098 2745 cum
1136 2704 1249 2755 dicit,
1281 2705 1604 2747 concubinarum

146 2781 305 2808 amores
325 2768 474 2824 tangit,
493 2768 647 2824 quibus
667 2770 958 2825 Agamemnon
978 2771 1182 2813 obnoxius
1200 2772 1347 2814 fuerat.
1382 2774 1513 2815 SCH.

205 2847 299 2889 920.
322 2836 444 2890 ἄλγος
464 2835 664 2893 γυναιξὶν]
686 2837 847 2879 Eadem
868 2837 1030 2880 dixerat
1052 2839 1370 2896 Clytaemnestra
1389 2840 1429 2882 in
1447 2842 1603 2899 Agam.

147 2917 188 2945 v.
210 2903 318 2958 870:
