1962 3224
366 214 451 253 384
839 216 1330 257 ANNOTATIONES

367 323 474 365 bello
484 325 676 379 feliciter
695 334 734 366 et
754 325 927 380 gloriose
947 327 1153 381 dqf'unctz's
1173 341 1255 367 non
1277 328 1419 368 leviter
1436 341 1508 368 nec
1526 329 1614 368 Sine
1634 328 1801 367 benevo-

365 391 493 431 lentia
522 391 564 431 in
594 401 647 440 te,
668 391 813 432 ducem
835 407 881 432 ac
901 407 1037 447 regem
1069 408 1201 447 suum,
1223 408 1344 448 quem
1378 402 1423 434 ut
1443 393 1634 434 victorem
1666 401 1803 434 amant

366 472 412 498 ac
433 466 682 508 reverentur,
698 465 856 514 gratus
874 465 935 499 est
954 459 1178 500 exhaustus
1198 459 1351 500 militiae
1371 460 1494 500 labor.
1528 461 1657 500 SCH.

425 523 520 577 807.
543 525 688 576 γνώσει
710 526 931 565 Porsonus.
965 526 1099 577 γνώσῃ
1119 525 1221 566 libri.

427 591 520 644 813.
542 592 643 631 Post
665 590 843 642 Πριάμου
864 590 978 631 colon
1000 600 1190 646 ponatur.

425 656 500 697 ἀπὸ
518 656 720 711 γλώσσης]
744 658 817 697 Em
836 671 880 697 eo
899 658 1006 712 quod
1023 658 1191 699 dicitur.
1223 659 1317 698 Non
1338 673 1388 698 ex
1404 673 1473 699 ore
1493 657 1802 706 causidicorum,

368 722 438 763 sed
459 737 509 763 ex
529 722 586 763 rei
607 730 715 763 statu
736 723 793 763 dii
807 723 1063 778 judicabant.
1112 724 1366 765 Abreschius
1395 725 1493 765 citat
1524 724 1697 765 Hesiod.
1721 725 1801 779 Op.

366 800 464 843 322.
487 788 562 829 ἀπὸ
582 789 766 841 γλώσσης
784 789 1005 840 ληίσσεται.
1038 791 1229 846 Sophocl.
1252 791 1353 832 OEd.
1372 791 1461 833 Col.
1482 793 1577 846 936.
1599 790 1718 831 ταῦτά
1739 807 1804 831 σοι

367 856 419 910 τῷ
441 857 493 909 νῷ
515 854 546 895 θ’
568 857 706 905 ὁμοίως
725 856 823 897 κάπὸ
854 859 920 906 τῆς
947 857 1133 909 γλώσσης
1161 857 1279 910 λέγω.
1310 857 1335 897 i.
1356 873 1390 899 e.
1421 859 1509 898 dico
1528 858 1634 913 quod
1657 857 1799 898 sentio.

369 920 520 976 Adjice
541 920 730 975 Theogn.
754 924 819 975 63.
844 922 920 962 ἀπὸ
940 923 1125 974 γλώσσης
1144 924 1262 975 φίλος
1283 924 1393 964 εἶναι.
1425 923 1536 978 quod
1551 923 1659 963 idem
1682 939 1718 963 v.
1735 936 1802 977 93.

367 987 466 1028 dicit
495 988 658 1043 γλώσσῃ
688 990 817 1040 φίλος.
869 989 1071 1030 Herodot.
1096 1003 1132 1038 Ι,
1160 1001 1248 1044 123.
1282 989 1550 1041 ἐντειλάμενος
1574 989 1650 1030 ἀπὸ
1670 990 1801 1041 γλώσ-

370 1071 450 1106 σης.
483 1054 678 1109 Thucyd.
701 1065 740 1107 7,
766 1067 830 1094 10.
859 1055 937 1095 ὅσα
966 1071 1008 1095 τε
1035 1054 1111 1095 ἀπὸ
1136 1056 1322 1107 γλώσσης
1352 1057 1477 1107 εἴρητο
1508 1055 1647 1104 αὐτοῖς,
1679 1054 1801 1096 εἶπον.

370 1122 595 1162 BLOMF.
788 1159 792 1163 ,

427 1188 522 1238 814.
554 1187 826 1241 ἀνδροθνῆτας]
858 1187 1036 1228 Restitui
1067 1188 1329 1239 ἀνδροκμῆτας
1349 1187 1592 1228 vocabulum
1626 1187 1803 1242 AEschy-

369 1255 494 1295 leum.
547 1254 732 1310 Choeph.
766 1255 860 1305 847.
898 1255 997 1304 Δοίη
1029 1270 1084 1296 τις
1115 1254 1354 1306 ἀνδροκμῆτα
1384 1254 1552 1295 πέλεκυν
1585 1255 1634 1297 ὡς
1671 1253 1803 1307 τάχος.

369 1321 497 1362 Eum.
520 1322 610 1372 248.
632 1322 793 1374 μόχθοις
813 1321 1056 1372 ἀνδροκμῆσι.
1089 1333 1113 1371 9
1116 1330 1184 1374 54.
1208 1321 1468 1372 ἀνδροκμῆτας
1486 1322 1617 1374 τύχας.
1654 1319 1802 1375 Suppl.

370 1389 466 1438 672.
497 1387 711 1439 ἀνδροκμὴς
739 1388 884 1439 λοιγός.
928 1386 1076 1441 Eurip.
1102 1386 1246 1442 Suppl.
1269 1397 1366 1441 525.
1397 1389 1658 1440 ἀνδροκμῆτας
1685 1403 1806 1438 προσ-

369 1457 500 1507 φέρων
529 1454 706 1506 ἇγωνίας.
739 1453 970 1493 BLOMF.
1030 1453 1160 1493 Valde
1196 1453 1417 1509 probabilis
1447 1453 1677 1494 Blomfieldi
1711 1467 1804 1494 con-

362 1522 537 1577 jectura.

426 1586 790 1641 φθορὰς-ψήφους
811 1586 960 1640 ἔθεντο]
983 1585 1035 1626 Id
1056 1597 1115 1627 est
1137 1588 1608 1640 φθορᾶς-ἐψηφίσαντο.

428 1657 523 1710 815.
547 1654 600 1709 ἐς]
624 1653 893 1695 Scribendum
916 1654 981 1695 εἷς.

429 1721 587 1777 τεῦχος]
617 1723 707 1762 Vas.
739 1722 928 1769 καδίσκος,
950 1719 1032 1759 sive
1062 1734 1179 1768 urna,
1202 1719 1242 1758 in
1263 1733 1385 1774 quam
1416 1718 1590 1759 calculos
1619 1718 1804 1759 demitte-

370 1789 483 1830 bant.
517 1790 679 1828 Harum
702 1787 796 1828 duae
810 1786 851 1827 in
872 1786 983 1827 curia
1002 1785 1144 1841 positae
1165 1795 1290 1826 erant.
1327 1785 1588 1841 Phrynichus
1606 1801 1671 1841 ap.
1694 1786 1804 1825 Har-

373 1864 525 1911 pocrat.
547 1870 583 1894 v.
609 1852 967 1903 Καδίσκος-Ἰδοὺ,
989 1852 1105 1905 δέχου
1133 1852 1204 1902 τὴν
1230 1855 1385 1905 ψῆφον,
1411 1854 1431 1892 ὁ
1462 1853 1639 1894 καδίσκος
1668 1852 1711 1892 δέ
1741 1868 1805 1892 σοι

369 1920 420 1962 ‘O
440 1923 513 1973 μὲν
533 1922 715 1962 ἀπολύων
736 1921 857 1970 οὗτος,
878 1922 898 1960 ὁ
920 1919 949 1960 δ’
973 1919 1148 1962 ἀπολλὺς
1163 1920 1234 1959 ὁδί.
1266 1919 1488 1974 Lycurgus
1503 1927 1643 1958 contra
1659 1919 1802 1958 Leoor.

371 2003 413 2044 p.
439 1989 530 2030 168.
555 1987 696 2028 Reisk.
719 1988 781 2028 καὶ
801 1991 907 2028 δυοῖν
933 1987 1130 2027 καδίσκοιν
1151 1984 1357 2036 κειμένοιν,
1379 1988 1446 2025 τοῦ
1469 1986 1555 2036 μὲν,
1576 1986 1803 2036 προδοσίας,

370 2059 437 2096 τοῦ
458 2057 513 2104 δὲ,
537 2056 738 2107 σωτηρίας,
760 2056 828 2095 τὰς
846 2052 1005 2106 ψήφους
1035 2051 1238 2104 φέρεσθαι,
1260 2053 1326 2094 τὰς
1344 2053 1417 2103 μὲν
1435 2052 1531 2103 ὑπὲρ
1552 2051 1806 2092 ἀναστάσεως

370 2125 436 2173 τῆς
454 2123 647 2174 πατρίδος,
669 2122 738 2163 τὰς
758 2121 800 2161 δὲ
820 2121 916 2172 ὑπὲρ
938 2120 1176 2171 ἀσφαλείας,
1199 2118 1260 2159 καὶ
1280 2121 1345 2168 τῆς
1366 2119 1409 2159 ἐν
1428 2121 1472 2174 τῇ
1492 2118 1607 2158 πόλει
1632 2118 1804 2168 εὐδαιμο-

371 2190 466 2231 νίας.
529 2186 730 2228 Stanleius
749 2185 890 2226 laudat
912 2185 1036 2226 Ovid.
1063 2186 1169 2226 Met.
1195 2194 1257 2239 15,
1279 2198 1346 2236 41.
1367 2185 1464 2225 Alos
1484 2190 1574 2224 erat
1592 2184 1802 2239 antiquus,

369 2256 503 2296 niveis
521 2256 704 2309 atrisque
723 2253 891 2308 lapillis,
907 2253 996 2293 His
1015 2253 1214 2292 damnare
1233 2265 1334 2298 reos,
1350 2252 1434 2291 illis
1448 2252 1653 2292 absolvere
1668 2251 1801 2306 culpa.

376 2323 496 2362 Tunc
515 2334 669 2376 quoque
697 2321 756 2360 sic
781 2320 867 2359 lata
893 2324 951 2359 est
979 2319 1113 2359 tristis
1138 2319 1369 2363 sementim
1400 2323 1438 2358 et
1456 2318 1588 2358 omnis
1610 2317 1804 2358 Calculus

368 2389 563 2428 immitem
583 2386 814 2426 demittitur
831 2391 921 2425 ater
940 2386 986 2424 in
1007 2398 1168 2424 urnam.
1201 2384 1428 2424 BLOMF.

428 2455 522 2507 817.
563 2452 692 2507 χειρὸς
726 2452 770 2492 οὐ
808 2449 1079 2504 πληρουμένῳ]
1119 2450 1372 2506 Szffragiis,
1404 2464 1532 2491 ‘manu
1566 2450 1689 2499 datis,
1721 2464 1802 2490 reon

368 2521 544 2576 impleto,
576 2519 801 2560 BLOMF.

427 2588 520 2629 822.
539 2587 601 2627 καὶ
620 2585 762 2639 πάγας]
786 2583 1053 2624 Scribendum
1074 2585 1279 2636 χάρπαγὰς
1298 2599 1391 2625 cum
1414 2583 1660 2639 Tyrwhitto,

424 2653 671 2706 ὑπερκότους]
698 2653 828 2692 Recte
849 2649 1054 2690 Heathius
1074 2652 1312 2702 ὑπερκόπους
1331 2650 1519 2691 correxit.

428 2722 523 2776 823.
546 2719 820 2773 ἐπραξάμεσθα
842 2716 1057 2758 Stanleius.
1090 2714 1337 2768 ἑπραξάμεθα
1358 2716 1499 2771 Steph.

429 2789 523 2839 824.
554 2787 735 2840 Ἀργεῖον
758 2784 884 2833 δάκος,
907 2785 1024 2825 ἵππου
1055 2782 1234 2837 νεοσσὸς]
1265 2781 1422 2823 Milites
1442 2781 1588 2838 Argivi
1617 2797 1664 2822 ex
1695 2796 1803 2836 equo

367 2853 502 2910 ligneo
521 2853 781 2910 prodeuntes.
816 2856 842 2876 ‘⁶
860 2850 1021 2892 Ennius
1040 2865 1105 2906 ap.
1130 2849 1315 2891 Macrob.
1339 2850 1379 2898 6,
1403 2860 1463 2891 2.;
