1962 3224
607 164 697 206 AD
728 161 1125 206 EUMENIDES.
1519 158 1606 202 573

199 279 503 333 996—1002=
517 287 814 332 1013—1020.

197 348 293 402 996.
309 344 473 400 χαίρετ’]
497 343 769 386 Scribendum
791 342 953 397 χαίρετε
973 341 1123 396 χαίρετ’
1144 354 1239 381 cum
1265 340 1406 381 Turn.

197 415 242 456 ἐν
271 411 473 468 αῖσιμίαις]
506 413 637 454 Recte
669 410 868 452 Butlerus
897 411 941 452 ἐν
961 409 1186 461 αἰσιμίαισι.
1232 407 1468 461 ἐραισιμίαις
1501 404 1603 446 Ald.

142 481 377 533 ε’ναισιμίαις
398 481 463 521 Μ.

199 558 470 604 997—1002.
502 547 564 589 Hi
586 562 655 588 sex
676 562 817 589 versus
846 546 888 588 in
910 556 992 587 tres
1022 553 1119 586 sunt
1139 541 1398 586 describendi
1429 540 1605 599 pariter·

145 632 227 673 que
248 617 288 657 in
309 614 581 671 antistrophe.

202 694 300 738 997.
323 683 492 739 ἀστικὸς]
524 683 692 727 ἀστυκὸς
724 682 871 739 Steph.
915 679 1095 723 Ἀττικὸς
1125 679 1353 722 Erotianus
1383 695 1412 720 s.
1436 694 1475 719 v.
1497 680 1608 730 ἵκταρ

144 767 186 808 p.
205 763 295 807 192.

203 833 301 875 999.
322 818 536 874 παρθένου]
560 818 778 872 παρθένους
798 820 865 861 Μ.
891 819 1036 861 Guelf.
1061 818 1163 861 Ald.

208 900 331 929 1001.
354 887 387 928 δ’
407 902 488 928 om.
513 886 655 929 Guelf.
678 886 780 929 Ald.
804 888 941 929 Turn.

212 969 331 1011 1003.
355 956 386 996 δ’
406 956 474 1006 ἐμὲ
496 956 718 996 Porsonus.
751 954 794 996 δέ
813 971 863 1007 με
883 954 991 997 libri.

208 1037 329 1076 1004.
362 1022 569 1064 Tollenda
596 1022 876 1080 interpunctio
909 1032 1003 1080 post
1032 1023 1320 1073 ἀποδείξουσαν
1349 1021 1392 1062 in
1421 1021 1613 1064 Turnebi

148 1090 407 1147 aliorumque
436 1090 686 1133 editionibus
715 1091 849 1149 posita
869 1101 909 1133 et
937 1089 1221 1133 transferenda
1242 1098 1336 1146 post
1356 1094 1614 1143 προπομπῶν,

149 1169 196 1200 ut
214 1159 256 1200 in
277 1158 342 1201 ed.
363 1158 477 1200 Rob.
497 1158 666 1200 factum.
729 1160 780 1200 In
804 1158 904 1200 Ald.
928 1167 1133 1201 commata
1154 1167 1248 1215 post
1269 1158 1557 1209 ἀποδείξουσαν
1572 1167 1615 1200 et

152 1230 393 1280 προπομπῶν
412 1226 547 1283 posita
566 1235 677 1268 sunt.

210 1304 331 1348 1005.
354 1294 449 1347 πρὸς
469 1298 552 1347 φῶς
573 1294 680 1347 ἱερὸν
699 1297 821 1336 τῶνδε
835 1294 1099 1350 προπομπῶν]
1117 1295 1148 1335 J
1150 1308 1217 1335 am
1238 1293 1434 1336 nimirum
1458 1295 1616 1335 Eume-

150 1362 266 1404 nides
296 1378 452 1420 pompa
481 1362 665 1404 sollemni
696 1363 964 1405 deducuntur
998 1363 1052 1405 ad
1087 1363 1232 1405 fanum
1267 1362 1316 1404 iis
1348 1362 1614 1405 destinatum.

152 1430 280 1472 Praeit
310 1430 448 1472 Pallas
479 1430 584 1474 viam
616 1431 735 1488 quasi
766 1440 1070 1481 monstratura3
1106 1442 1340 1487 sequuntur
1368 1431 1460 1482 viri,
1481 1433 1616 1473 Areo-

151 1499 302 1556 pagitae
331 1499 551 1557 praecipue,
574 1499 647 1556 qui
671 1499 836 1556 judices
865 1500 1066 1551 sederant,
1092 1515 1128 1541 v.
1155 1513 1281 1541 1010.
1303 1515 1398 1541 cum
1427 1499 1615 1551 victimis,

151 1583 190 1609 v·
221 1581 341 1624 1013.
373 1568 447 1610 hos
482 1568 634 1624 excipit
670 1567 956 1609 Eumenidum
993 1568 1170 1615 chorus;
1209 1583 1361 1624 easque
1395 1567 1618 1610 comitatur

153 1635 299 1692 triplex
329 1651 493 1692 agmen,
525 1635 776 1692 puellarum,
800 1635 1036 1686 mulierum,
1059 1645 1101 1677 et
1121 1636 1359 1687 viduarum,
1390 1652 1419 1678 s.
1448 1636 1618 1679 omnino

154 1702 404 1753 vetularum,
426 1718 519 1744 cum
541 1703 713 1754 facibus,
735 1718 775 1745 v,
797 1715 921 1757 1027.
956 1704 1088 1745 SCH.

211 1775 452 1825 προπομπῶν
473 1771 697 1814 Bentleius.
728 1770 962 1825 προπομπόν
983 1772 1089 1814 libri.

216 1840 338 1880 1006.
370 1840 573 1893 σφαγίων]
609 1841 705 1880 Hoc
732 1854 901 1895 quoque
935 1838 1026 1880 loco
1056 1838 1118 1880 uti
1151 1847 1312 1894 poterat
1342 1839 1620 1896 Spanhemius

155 1907 209 1948 ad
242 1906 480 1948 Callimach.
512 1907 673 1963 Hymn.
703 1906 744 1947 in
777 1905 937 1948 Pallad.
967 1922 1007 1948 v.
1029 1918 1123 1959 117,
1156 1906 1228 1948 ubi
1263 1907 1385 1949 docet
1413 1908 1619 1950 furiarum

156 1972 350 2014 sacrificia
378 1987 460 2013 non
489 1987 648 2028 semper
668 1973 797 2025 ἄπυρα
825 1972 964 2014 fuisse.
1029 1971 1114 2014 Hic
1144 1972 1253 2014 enim
1281 1973 1433 2016 diserte
1463 1975 1620 2029 σφάγια

156 2040 336 2080 victimae
364 2039 645 2091 nominantur,
678 2039 907 2096 eademque
937 2042 1066 2091 σεμνὰ
1099 2039 1310 2092 dicuntur,
1342 2041 1456 2084 haud
1490 2042 1618 2085 dubie

156 2107 211 2148 ob
231 2106 394 2162 nigrum
416 2106 605 2148 colorem.
652 2107 828 2164 Nigram
850 2117 960 2149 certe
980 2123 1100 2149 ovem
1123 2109 1291 2150 Orestes
1311 2110 1619 2152 Eumenidibus

156 2184 351 2215 mactasse
370 2174 503 2215 fertur
523 2174 646 2216 schol.
668 2175 722 2216 ad
746 2175 939 2232 Sophocl.
962 2176 1109 2233 OEdip.
1134 2177 1225 2218 Col.
1247 2193 1286 2219 v,
1307 2191 1379 2230 42.
1414 2180 1547 2220 SCH.

220 2253 341 2296 1007.
374 2244 471 2284 κατὰ
500 2245 570 2296 γῆς
601 2242 782 2298 σύμεναι]
817 2244 869 2284 In
903 2243 1000 2284 fano
1034 2244 1344 2287 Eumenidibus
1370 2246 1507 2289 dicato
1535 2258 1623 2290 erat

159 2309 259 2351 cella
279 2310 556 2360 subterranea,
580 2311 651 2351 ubi
683 2319 886 2352 nocturna
905 2311 952 2352 iis
982 2311 1176 2354 sacrificia
1198 2314 1366 2356 fiebant.
1429 2317 1482 2356 In
1514 2316 1620 2358 hanc

157 2375 285 2431 igitur
318 2375 459 2417 cellam
501 2377 782 2428 deducuntur,
822 2377 1002 2434 indeque
1043 2379 1261 2436 finguntur
1299 2382 1353 2423 ad
1391 2384 1618 2426 Tartarum

159 2443 416 2485 descendere.
449 2445 581 2486 SCH.
632 2446 826 2497 σύμμεναι
849 2445 991 2488 Guelf.
1014 2446 1117 2488 Ald.
1149 2449 1312 2501 δύμεναι
1334 2451 1471 2492 Turn.

217 2511 360 2563 ἀτηρὸν
381 2511 606 2554 Bentleius.
636 2512 795 2565 ἀτήριον
818 2512 923 2554 libri.

222 2591 343 2618 1011.
364 2580 556 2628 μετοίκοις
577 2580 713 2620 Turn.
738 2580 881 2636 Steph.
914 2581 1088 2632 μέτοικοι
1108 2581 1201 2623 libri
1218 2583 1379 2641 reliqui.

222 2658 342 2699 1013.
375 2647 636 2697 ἑπιδιπλοίζω,
657 2647 770 2702 quod
800 2647 842 2688 in
870 2648 1080 2689 veteribus
1101 2649 1351 2692 editionibus
1373 2653 1621 2703 ἐπιδιπλοΐζω

161 2712 357 2768 scriptum
379 2722 451 2763 est,
475 2713 636 2755 seclusit
669 2715 880 2755 Porsonus
912 2715 1101 2756 Piersoni
1132 2718 1374 2760 sententiam
1398 2720 1471 2774 (ad
1494 2721 1620 2763 Moer.

161 2795 204 2836 p.
234 2780 346 2832 167.)
369 2790 545 2822 secutus.
597 2782 692 2822 Non
723 2791 783 2823 est
814 2782 1075 2838 ejiciendum,
1097 2783 1167 2825 sed
1190 2785 1496 2829 emendandum
1529 2789 1623 2834 ἔπος

164 2847 358 2897 διπλοίζω.

226 2927 346 2968 1019.
371 2915 413 2956 εὖ
434 2915 642 2971 σέβοντες]
665 2917 922 2969 εὐσεβοῦντες
944 2917 1086 2960 Guelf.
1108 2919 1209 2962 Ald.
1233 2921 1345 2964 Rob.
