1962 3224
404 183 489 225 628
872 182 1366 222 ANNOTATIONES

462 292 556 333 818.
577 293 776 344 δύσφορον
796 293 1068 348 ἀρσενογενὲς]
1090 294 1240 334 Versus
1259 307 1340 334 non
1361 292 1533 348 integer.

462 361 556 414 819.
577 359 809 399 Delendum
831 374 989 400 comma
1007 369 1099 415 post
1119 361 1300 411 διόμενοι.

462 427 556 481 823.
577 427 616 466 τί
633 426 666 466 δ”
686 426 777 467 ἄνευ
798 425 935 481 σέθεν]
952 429 1111 467 πιδανευ
1132 425 1310 480 (πιδάνευ
1327 425 1448 478 Ald.)
1472 424 1590 466 σέθεν
1609 425 1674 476 ιΜ.
1699 423 1839 464 Guelf.

403 491 505 533 Ald.
565 492 756 533 Correxit
778 493 884 533 Rob.
907 493 1025 546 cujus
1044 492 1172 533 codex
1193 493 1233 532 τί
1249 491 1280 533 δ’
1301 491 1349 533 ἂν
1370 491 1566 533 νευσέθεν.

462 559 556 610 824.
577 562 754 600 θνατοῖσι
774 558 965 598 Bothius.
996 562 1151 601 θνατοῖς
1170 557 1278 598 libri.

462 625 697 680 825—901.
720 626 827 665 Haec
846 624 998 665 fabulae
1020 639 1112 679 pars
1132 633 1213 665 tam
1234 624 1338 664 male
1358 623 1497 664 habita
1516 633 1575 665 est
1596 633 1643 664 ut
1662 623 1714 664 de
1735 622 1840 663 vitiis

402 691 605 746 plerisque
635 706 684 731 ne
714 691 958 746 conjecturae
989 690 1153 746 quidem
1188 689 1389 745 probabili
1422 689 1534 730 locus
1565 690 1629 730 sit.
1690 691 1839 744 Itaque

403 757 500 796 satis
539 757 777 797 habebimus
815 757 1010 798 librorum
1053 756 1149 796 vitia
1188 765 1359 805 notasse,
1398 756 1552 796 omissis
1594 770 1688 811 quae
1728 755 1839 796 nulla

404 823 583 863 veritatis
604 823 734 878 specie
753 823 1091 864 commendantur
1110 822 1364 877 conjecturis.
1424 823 1512 863 Nec
1535 822 1838 862 scholiastarum

402 889 695 938 annotationes,
717 904 892 944 quarum
922 890 1125 945 pleraeque
1154 889 1207 929 ad
1234 887 1453 943 scripturas
1475 888 1637 928 vitiosas
1656 888 1839 928 referun-

403 962 483 1000 tur,
506 955 731 1010 quidquam
753 967 940 1011 prosunt.

457 1022 551 1076 825.
576 1022 812 1071 Scholiasta,
833 1026 953 1063 ταῦτα
971 1022 1068 1074 μετά
1087 1039 1190 1065 τινος
1208 1021 1353 1064 πάθους
1368 1023 1594 1072 ἀναβοῶσιν
1610 1022 1651 1071 ἐξ
1667 1022 1840 1062 ἀπόπτου

402 1088 488 1130 τοὺς
509 1089 770 1141 Αἶγυπτιάδας
791 1091 955 1129 ἰδοῦσαι.

457 1154 636 1208 μάρπτις]
670 1155 812 1207 μάρπις
843 1156 907 1195 Μ.
936 1155 1078 1196 Guelf.
1099 1154 1200 1195 Ald.
1224 1154 1333 1195 Rob.
1395 1153 1629 1203 Scholiasta,
1661 1155 1681 1193 ὁ
1713 1154 1840 1193 ἐλθὼν

403 1221 465 1261 ἐπὶ
486 1220 528 1261 τὸ
548 1221 703 1274 μάρψαι
723 1223 830 1273 ἡμᾶς.
892 1222 1126 1278 Hesychius
1146 1237 1195 1262 ex
1221 1221 1297 1262 hoc
1317 1221 1420 1276 ipso,
1444 1230 1488 1260 ut
1516 1220 1711 1275 Sopingio
1730 1220 1840 1260 vide-

401 1287 538 1337 batur,
568 1289 658 1328 loco
686 1289 880 1341 μάρπτυςε
912 1289 1107 1341 ὑβριστής.
1141 1288 1208 1328 ubi
1238 1289 1372 1328 Henr.
1397 1287 1538 1342 Steph.
1599 1293 1628 1312 ‘⁶
1651 1287 1836 1328 Scriben-

401 1354 500 1394 dum
524 1354 686 1395 videtur
704 1355 889 1407 μαρπτής.
949 1357 1056 1395 Nam
1078 1356 1250 1407 μαρπτύς
1267 1364 1370 1395 esset
1395 1354 1532 1409 potius
1555 1355 1702 1406 ὕβρις.”
1761 1355 1839 1394 Ce-

403 1429 534 1461 terum
566 1421 784 1462 delendum
817 1437 975 1463 comma
1003 1432 1095 1478 post
1125 1422 1244 1464 νάϊος.
1306 1421 1541 1470 Scholiasta,
1564 1422 1584 1461 ὁ
1614 1422 1745 1473 πρώην
1767 1422 1840 1472 μὲν

405 1489 468 1529 ἐπὶ
489 1488 593 1539 νηὸς,
617 1491 685 1529 νῦν
705 1490 746 1529 δὲ
769 1489 831 1529 ἐπὶ
850 1492 920 1541 γῆς
937 1490 1122 1541 γεγονώς.

459 1555 553 1606 827.
574 1556 648 1607 πρὸ
668 1556 811 1608 μάρπτι
834 1555 973 1611 Steph.
1006 1557 1222 1608 πρόμαρπτι
1244 1556 1308 1594 M.
1331 1554 1428 1594 Ald.
1451 1555 1558 1595 Rob.
1583 1556 1717 1594 Turn.

459 1621 636 1678 κάμνοις]
667 1622 831 1673 κάμνους
851 1622 951 1662 Ald.
983 1621 1164 1672 κάμνουσ’
1194 1623 1330 1661 Turn.
1391 1620 1630 1670 Scholiasta,
1651 1622 1839 1672 πρότερον

401 1688 545 1736 θάνοις,
566 1687 596 1728 ὦ
615 1688 769 1740 μάρπτι,
791 1689 881 1740 πρὶν
895 1689 992 1739 ἡμᾶς
1010 1692 1242 1738 συλλαβεῖν.
1275 1688 1425 1728 Versus
1440 1687 1480 1727 in
1499 1688 1562 1727 M.
1580 1687 1636 1727 sic
1649 1687 1838 1742 descripti

401 1759 534 1795 τῶν-
559 1754 565 1809 Ι
593 1755 659 1807 ἰὸφ
686 1755 691 1810 Ι
718 1756 768 1806 ὄμ
792 1756 880 1796 αὖθι
904 1755 1042 1798 κάκκας
1067 1755 1073 1810 Ι
1100 1772 1144 1795 νυ
1174 1758 1340 1811 δυϊαν-
1366 1753 1372 1808 Ι
1397 1756 1529 1806 ὁρῶ-
1554 1753 1560 1809 Ι
1585 1754 1783 1804 βιαίων-
1808 1753 1814 1809 Ι

400 1822 445 1872 ἠὲ
466 1822 510 1872 ὴὲ
524 1846 581 1851 -
599 1852 606 1860 .

457 1887 525 1942 ὂμ]
551 1889 668 1943 Lego
688 1890 757 1941 ὅφ.
816 1888 1075 1929 Exclamatio
1094 1897 1154 1928 est
1174 1887 1348 1928 dolentis
1367 1897 1438 1927 aut
1459 1886 1656 1942 paventis.
1687 1887 1838 1926 Eusta-

401 1955 512 1996 thius
531 1955 582 1996 ad
606 1955 727 1997 Iliad.
750 1960 808 1997 M.
829 1971 870 2011 p.
892 1970 987 2009 900.
1008 1956 1036 1996 l.
1063 1965 1127 2008 27⁴
1160 1953 1273 1995 Ἀλλ’
1296 1956 1339 1994 ἐκ
1358 1957 1426 1994 τοῦ
1451 1953 1505 2006 ὂφ
1530 1953 1838 2005 ἐπιφωνήματος,

402 2023 423 2063 ὃ
459 2025 556 2063 κατὰ
589 2023 805 2074 πνεύματος
838 2024 985 2075 ἀθρόαν
1020 2022 1205 2072 εἰσπνοὴν
1241 2021 1435 2073 ἐγγίνεται
1473 2025 1553 2061 τοῖς
1591 2021 1782 2072 ἀλγοῦσιν
1815 2018 1839 2070 ἢ

403 2091 535 2142 φόβον
573 2093 754 2130 παθοῦσι.
803 2091 875 2130 ST
884 2090 965 2130 AN
970 2090 1022 2130 L.
1089 2087 1326 2136 Scholiasta,
1365 2086 1451 2140 ἶὸφ]
1491 2087 1553 2127 ἐπὶ
1588 2087 1840 2137 ἀποπτυσμοῦ

401 2158 562 2208 μίσημα.
596 2156 671 2196 ἀπὸ
701 2157 743 2196 δὲ
773 2159 840 2196 τοῦ
869 2156 1094 2206 ἀποπτύειν,
1124 2155 1359 2207 ἀπόφθεγμα
1389 2154 1560 2204 ἐποίησε.
1596 2153 1653 2193 διὸ
1685 2156 1745 2192 δεῖ
1770 2151 1840 2202 τὴν

400 2223 568 2275 ὑστέραν
588 2223 783 2263 δασύνειν.
818 2223 902 2263 ἔστι
922 2224 963 2262 δὲ
983 2226 1095 2262 τοῦτο
1117 2223 1178 2262 διὰ
1196 2221 1333 2272 μέσου.

460 2290 553 2330 828.
590 2289 744 2342 κάκκας]
777 2289 1033 2329 Vocabulum
1065 2296 1303 2341 corruptum
1338 2301 1412 2340 per
1440 2284 1677 2336 καταβάσεις
1706 2283 1835 2339 expli-

400 2365 517 2398 catur
535 2356 575 2396 in
597 2355 761 2396 scholio.
822 2354 1018 2410 Hesychii
1045 2354 1218 2409 glossam
1243 2353 1358 2395 κάκας
1389 2352 1624 2404 ἐπιβάθρας;
1660 2351 1747 2394 τοὺς
1775 2354 1840 2402 τῆς

404 2425 536 2466 κακίας
569 2422 769 2475 ὑπηρέτας·
814 2423 1109 2473 ἐπιβεβηκότας,
1145 2419 1394 2476 comparavit
1429 2419 1706 2460 Abreschius:
1757 2433 1840 2474 qua

403 2490 501 2531 nihil
524 2489 745 2546 proficitur.

461 2557 521 2611 νο]
544 2574 588 2597 νυ
610 2557 673 2596 Μ.
697 2555 807 2595 Rob.

461 2625 554 2676 829.
577 2622 702 2676 δύϊαν]
724 2621 834 2673 δηῒαν
856 2620 1070 2670 Stanleius,
1092 2619 1162 2674 qui
1184 2619 1322 2660 saltem
1345 2618 1457 2660 δαΐαν
1474 2618 1689 2659 debuisset.
1748 2618 1839 2658 Ad-

397 2689 595 2745 jectivum
618 2690 721 2731 δύῖος
741 2697 988 2728 memoratur
1009 2687 1061 2727 ab
1083 2686 1350 2741 Theognosto
1370 2687 1472 2726 Can.
1493 2700 1535 2740 p.
1555 2685 1625 2738 58,
1647 2697 1712 2738 19.

461 2755 580 2809 βοὰν]
601 2758 703 2806 βοᾶν
725 2755 788 2794 Μ.

462 2822 658 2876 ἀμφαίνω]
682 2821 856 2873 ἐμφαίνω
879 2819 1019 2860 Guelf.
1041 2818 1142 2859 Ald.
1165 2820 1299 2859 Turn.

463 2890 556 2945 830.
586 2889 754 2940 πρόξενα
775 2888 907 2927 Turn.
930 2894 970 2926 et
995 2885 1137 2941 Steph.
1159 2884 1415 2941 interpolatio
1434 2893 1507 2925 est.
1567 2883 1839 2924 Restituenda
