1962 3224
584 184 675 227 AD
706 183 1149 226 CHOEPHORAS.
1518 181 1606 225 509

131 297 300 340 Ἀπαντ’
321 300 364 340 ἑν
381 297 622 350 ἀνθρώποισι
641 292 855 348 γηράσκειν
877 292 967 346 ἔφυ,
990 301 1032 334 et
1051 292 1094 333 in
1119 300 1219 334 nota
1238 291 1421 333 formula
1448 293 1605 346 χαίρειν

138 366 328 420 πέφυκεν,
347 374 388 407 et
407 363 621 406 similibus.
674 363 789 404 Bene
808 370 948 403 autem
968 360 1204 402 observavit
1225 359 1443 401 scholiasta
1462 359 1505 400 in
1526 360 1605 401 hoc

137 433 228 476 loco
265 432 533 490 hyperbolam
573 446 675 481 esse,
712 430 773 472 ὅτι
813 430 877 471 καὶ
907 429 978 471 τὸν
1008 428 1060 481 μὴ
1091 427 1302 484 δηχθέντα,
1339 429 1449 470 ἀλλὰ
1480 430 1605 480 μόνον

138 501 361 555 ἆψαμένην,
384 499 539 553 σήπει.”
569 499 804 540 BLOMF.

195 570 291 626 996.
307 568 480 624 καδίκου]
503 568 684 610 κᾶνδίκου
706 568 771 608 Μ.
793 566 937 608 Guelf.
962 565 1064 607 Ald.
1087 565 1202 607 Rob.

196 647 291 692 997.
324 637 387 679 καὶ
417 637 572 678 Portus
601 646 642 677 et
670 636 895 676 Porsonus.
940 634 1012 676 κᾶν
1040 633 1150 676 libri.
1212 634 1395 675 Rectum
1426 641 1488 675 est
1518 633 1605 675 sine

139 704 267 747 dubio
297 705 360 746 καὶ
388 704 508 759 τύχω,
542 704 633 752 Quo
663 706 829 745 nomine
851 703 924 744 hoc
952 703 1210 760 compellabo,
1232 708 1271 744 et
1298 703 1429 744 simul
1449 716 1478 743 a
1507 716 1606 744 vero

138 775 304 815 nomine
333 788 417 814 non
446 772 679 813 aberrabo?
720 770 816 812 Vid.
847 771 1004 827 Agam.
1030 783 1151 827 1233.
1183 769 1336 813 Monk.
1368 770 1422 812 ad
1451 770 1604 827 Eurip.

140 840 274 898 Hipp.
298 841 394 883 828.
425 840 659 882 BLOMF.

198 910 297 964 998.
326 908 576 964 ποδένδυτος]
601 909 692 956 Quo
717 907 842 964 pedes
865 907 1195 949 circumdantur.
1247 906 1419 948 Fortius
1438 906 1607 948 videtur

140 992 266 1034 quam
305 977 487 1030 ποδήρης,
523 976 580 1017 ad
604 976 734 1033 pedes
767 989 897 1032 usque
924 976 1158 1032 pertinens.
1211 976 1336 1026 Mox,
1369 977 1607 1029 ποδιστῆρας

140 1044 327 1088 πέπλους.
360 1044 592 1086 BLOMF.

199 1126 296 1169 999.
318 1112 485 1168 δροίτης]
507 1113 646 1153 Turn.
689 1112 826 1164 δρύτης
847 1111 958 1154 Rob.
981 1111 1126 1168 Steph.
1177 1112 1372 1168 Utraque
1401 1111 1606 1169 scriptura

140 1181 312 1222 confusa
333 1181 509 1233 δρυοίτης
529 1178 671 1221 Guelf.
694 1178 798 1220 Ald.

199 1246 503 1303 κατασκήνωμα]
525 1248 883 1304 Integumentum.
915 1247 1043 1288 Eum.
1061 1249 1157 1303 629.
1178 1262 1204 1288 a
1225 1247 1409 1290 Stanleio
1426 1248 1603 1297 citatus;

139 1317 202 1357 Τὰ
231 1316 387 1357 πλεῖστ’
406 1315 582 1367 ἀμείνον’
604 1316 795 1368 εὔφροσιν
814 1314 1029 1369 δεδεγμένη
1051 1316 1213 1369 Δροίτῃ,
1244 1320 1413 1370 περῶντι
1441 1319 1604 1371 λουτρὰ,

141 1383 234 1425 κάπὶ
252 1381 411 1436 τέρματι
430 1385 562 1436 Φᾶρος
582 1381 896 1436 παρεσκήνησεν,
920 1384 964 1424 ἐν
983 1383 1017 1424 δ’
1038 1381 1222 1436 ἀτέρμονι
1238 1385 1390 1426 Κόπτει
1409 1385 1606 1438 πεδήσασ’

142 1452 265 1505 ἄνδρα
284 1450 456 1507 δαιδάλῳ
476 1450 629 1508 πέπλῳ.
661 1451 895 1493 BLOMF.
946 1453 1044 1493 κατὰ
1064 1450 1250 1505 σκήνωμα
1272 1452 1415 1495 Guelf.
1437 1453 1542 1495 Ald.

202 1532 326 1561 1000.
345 1520 479 1575 ἄρκυν]
505 1520 604 1573 ἄρην
624 1519 735 1561 Rob.

197 1587 399 1640 ποδιστὴρ,
417 1588 546 1629 Pedes
561 1588 868 1644 constringens.
883 1588 998 1629 'Mod
1004 1603 1074 1629 um
1088 1595 1228 1630 narrat
1242 1588 1365 1630 schol.
1376 1589 1464 1633 τοὺς
1478 1589 1606 1632 πλέον

142 1659 219 1697 τῶν
247 1658 378 1697 ποδῶν
409 1654 661 1707 καθήκοντας.
714 1656 916 1712 Xenoph.
939 1656 1079 1698 Anab.
1102 1670 1144 1712 3,
1163 1670 1206 1709 4,
1229 1669 1298 1699 21.
1330 1657 1467 1701 νυκτὸς
1494 1659 1607 1701 ἵπποι

142 1724 270 1766 αὐτῶν
289 1723 479 1771 δέδενται,
503 1723 566 1764 καὶ
586 1723 636 1767 ὡς
657 1724 871 1766 ἔπιτοπολὺ
890 1724 1173 1777 πεποδισμένοι
1194 1726 1285 1767 εἶσί.
1317 1726 1549 1767 BLOMF.

206 1805 326 1834 1001.
347 1795 525 1832 τοιοῦτον
545 1790 595 1832 ἂν
616 1792 754 1833 Turn.
778 1791 924 1848 Steph.
960 1796 1114 1834 τοιοῦτο
1133 1794 1212 1845 μὰν
1233 1793 1301 1834 Μ.
1325 1793 1468 1835 Guelf.
1492 1794 1606 1837 Rob.

144 1863 296 1900 τοιοῦτο
315 1858 352 1911 μ’
375 1858 424 1899 ἂν
445 1857 546 1899 Ald.

202 1925 378 1979 φηλήτης
406 1924 599 1981 Scaliger.
653 1925 819 1979 φιλήτης
849 1925 957 1968 libri.
1003 1927 1178 1969 Hesiod.
1212 1929 1297 1984 Op.
1327 1938 1426 1984 373.
1451 1928 1533 1973 ιλΟς
1563 1930 1607 1971 δὲ

144 1995 298 2048 γυναικὶ
318 1993 495 2041 πέποιθε,
517 1992 670 2035 πέποιθ’
693 1994 763 2047 ὅγε
794 1993 1005 2050 φηλήτῃσι.
1038 1995 1109 2036 ubi
1133 1995 1256 2037 docta
1274 1996 1469 2053 quaedam
1491 2005 1608 2037 nota-

144 2061 205 2103 vit
237 2061 499 2103 Gaisfordius
529 2061 582 2102 de
620 2077 719 2103 vera
757 2061 884 2118 hujus
914 2061 1025 2103 vocis
1058 2062 1370 2120 orthographia.
1417 2064 1608 2121 Hesych.

146 2129 374 2181 Φηλήτῃσι;
406 2133 586 2185 λῃσταῖς.
639 2129 758 2170 Idem
790 2129 989 2182 Φιλήτηςε
1023 2130 1204 2183 κλέπτης,
1230 2132 1391 2189 λῃστής.
1444 2134 1489 2174 Α
1513 2147 1609 2174 vero

145 2198 307 2239 aberrat
324 2197 669 2239 Hemsterhusius
698 2197 751 2238 ad
782 2197 945 2240 Polluc.
970 2211 1009 2254 9,
1037 2214 1079 2255 p.
1106 2211 1226 2241 1120.
1250 2200 1323 2256 qui
1353 2207 1395 2241 et
1425 2200 1606 2254 φιλήτης,

144 2274 186 2307 et
216 2264 394 2319 φηλήτης
422 2265 596 2322 probat3
627 2275 669 2307 et
697 2264 803 2307 illud
835 2264 1023 2322 quidem,
1055 2266 1169 2321 quod
1205 2267 1385 2309 latrones
1417 2268 1610 2310 “osculis

145 2333 423 2389 amplexuque
461 2333 642 2389 benigno
680 2333 874 2390 deceptos
913 2333 1100 2375 homines
1139 2334 1435 2378 trucidarent.''
1495 2336 1609 2378 Citat

146 2410 284 2442 autem
308 2403 473 2443 Senecae
502 2401 636 2442 locum
660 2401 741 2457 Ep.
763 2414 834 2456 51.
863 2401 1097 2456 Voluptates
1115 2404 1338 2460 praecipue
1357 2405 1549 2455 eoeturba,
1570 2410 1610 2446 et

147 2469 431 2509 invisissimas
468 2468 583 2518 habe,
623 2469 836 2510 latronum
874 2484 999 2520 more,
1039 2485 1141 2526 quos
1181 2472 1366 2513 Philetas
1401 2474 1610 2530 AEggsptii

149 2541 323 2577 vocant:
362 2536 410 2575 in
448 2536 523 2577 hoc
561 2550 636 2577 nos
670 2538 994 2593 amplectuntur,
1028 2544 1076 2578 ut
1103 2540 1387 2596 strangulent.
1441 2540 1612 2582 Laudat

148 2603 245 2644 item
268 2602 492 2643 Menandri
511 2603 806 2659 fragmentum,
827 2603 888 2646 δύ’
912 2606 1034 2648 οἰκίας
1054 2609 1201 2657 Φηλῶν
1220 2608 1267 2661 (s.
1290 2607 1450 2661 φήλων)
1474 2609 1611 2662 γερόν-

149 2687 238 2721 των,
262 2671 314 2713 ὡς
332 2669 478 2723 λέγεις,
501 2670 745 2723 ἀβελτέρων.
779 2671 1012 2713 BLOMF.

210 2751 332 2793 1003.
355 2738 536 2793 νομίζων]
558 2739 699 2790 νομίζω
721 2738 867 2780 Guelf.
891 2739 992 2780 Ald.
1025 2741 1174 2792 νομίζοι
1195 2741 1305 2782 Rob.

211 2818 334 2858 1004.
355 2806 572 2861 θερμαίνοι]
593 2806 792 2859 θερμαίνει
812 2805 916 2847 Ald.
967 2807 1291 2850 Emendandum
1314 2809 1420 2863 θέρμ’
1443 2811 1543 2852 ἄνοι.

210 2884 332 2929 1005.
370 2874 502 2917 τοιάδε
539 2874 621 2930 μοι]
659 2874 933 2916 scribendum
965 2875 1085 2917 τοιάδ’
1117 2877 1204 2927 ἐμοὶ
1233 2891 1328 2918 cum
1363 2878 1427 2918 M.
1467 2879 1610 2921 Guelf.

151 2941 261 2983 Rob.
