1962 3224
388 205 472 247 360
862 207 1353 248 ANNOTATIONES

443 328 542 371 335.
563 318 739 357 ναίουσιν
759 316 825 357 Fl.
849 317 904 357 Τ.
936 316 1092 357 νέουσιν
1115 315 1258 370 Steph.

444 385 541 438 336,
573 383 838 437 δυσδαίμονες]
871 381 1137 423 Scribendum
1170 383 1212 422 δὲ
1241 382 1420 433 δαίμονες
1441 395 1538 421 cum
1562 382 1815 430 Hermanno,

389 449 460 504 qui
481 449 738 504 postmodum
763 449 918 489 Halmii
939 447 1127 504 probavit
1147 448 1418 502 conjecturam
1441 448 1530 488 ὥστ’
1554 449 1784 499 εὐδαίμονες.

444 516 540 570 338.
572 516 613 555 εὖ
643 515 810 565 σέβουσι
834 514 1121 555 Valckenarius
1144 513 1196 554 ad
1217 513 1364 570 Eurip.
1387 513 1587 554 Phoeniss.
1608 527 1727 568 133¹·
1761 514 1819 553 εὐ-

390 584 557 632 σεβοῦσι
576 581 710 635 vulgo.

443 659 539 701 340.
561 647 628 687 οὐκ
646 646 713 701 ἂν]
737 647 974 701 Legebatur
994 647 1062 687 οὐκ
1082 647 1131 687 ἄν
1151 645 1199 698 γ’.
1231 647 1279 686 V.
1300 646 1351 686 ad
1375 647 1487 702 Sept.
1507 649 1603 700 562.

445 714 655 753 ἀνθαλοῖεν
677 713 892 753 Stanleius.
924 714 971 753 αὗ
991 713 1146 753 θάνοιεν
1166 712 1270 754 libri.

443 791 539 832 341.
562 780 744 832 ἐμπίπτῃ]
770 779 1035 819 Scribendum
1060 780 1238 830 ἐμπίπτοι
1257 794 1350 820 cum
1373 781 1426 820 T.
1458 769 1623 830 ἐμπίπτῧ
1644 779 1709 819 Fl.

443 858 540 899 342.
563 845 718 900 ποθεῖν]
740 849 898 898 πορθεῖν
920 845 984 886 Fl.
1008 847 1063 885 T.
1085 855 1204 886 recte.

444 925 539 967 344.
563 912 714 965 κάμψαι
734 914 891 953 διαύλου
919 913 1080 965 θάτερον
1102 917 1227 953 κῶλον
1246 912 1381 967 πάλιν]
1402 913 1557 955 δίαυλος
1577 911 1739 967 proprie
1759 922 1818 952 est

388 994 543 1027 cursus,
574 994 657 1033 quo
686 979 778 1034 quis
807 979 847 1019 in
876 978 1006 1019 stadio
1035 988 1250 1034 postquam
1281 995 1306 1019 a
1331 979 1558 1020 carceribus
1587 978 1639 1018 ad
1671 988 1818 1018 metam

388 1045 578 1092 excurrit,
600 1045 652 1086 ab
672 1045 798 1086 altera
816 1055 932 1101 parte
951 1061 975 1086 a
995 1055 1103 1086 meta
1122 1046 1175 1086 ad
1195 1060 1371 1086 carceres
1391 1045 1508 1085 redit.
1549 1045 1607 1085 Et
1627 1045 1716 1085 haec
1736 1045 1819 1085 duo

388 1111 553 1166 quidem
575 1111 776 1152 curricula
796 1117 901 1153 κῶλα
920 1112 1243 1168 appellabantur.
1305 1114 1421 1166 Apta
1439 1111 1564 1166 igitur
1584 1112 1820 1166 metaphora

389 1177 541 1218 exitum
571 1178 622 1218 ad
651 1178 802 1218 bellum
827 1179 1055 1234 Trojanum
1087 1179 1262 1235 primum
1295 1180 1453 1219 διαύλου
1484 1183 1623 1228 κῶλον,
1644 1178 1819 1219 reditum

388 1259 485 1284 vero
513 1244 684 1285 alterum
717 1248 842 1285 κῶλον
872 1254 1000 1286 vocat.
1060 1245 1174 1285 Ordo
1204 1245 1419 1285 verborum
1450 1244 1515 1284 hic
1544 1255 1628 1285 est:
1661 1247 1721 1285 δεῖ
1746 1246 1821 1297 γὰρ

392 1311 566 1363 (αὐτοὺς)
590 1310 751 1363 θάτερον
771 1315 898 1352 κῶλον
918 1312 1075 1352 διαύλου
1095 1312 1215 1353 πάλιν
1237 1313 1399 1364 κάμψαι,
1423 1313 1604 1362 νοστίμου
1633 1311 1821 1363 σωτηρίας

389 1377 483 1429 πρὸς
503 1379 638 1419 οἴκους.
669 1378 798 1418 SCH.

445 1455 541 1497 345.
573 1446 674 1486 θεοῖς
697 1443 728 1484 δ’
751 1444 810 1494 ἂν,
833 1445 1078 1495 ἀμπλάκητος
1097 1460 1206 1486 nunc
1225 1461 1274 1486 ex
1298 1445 1453 1486 Pauwii
1474 1445 1706 1500 conjectura
1725 1443 1822 1499 legi-

392 1517 480 1549 tur:
513 1509 552 1549 in
574 1508 686 1549 libris
706 1510 898 1563 scriptum
920 1514 1022 1554 θεοῖς
1038 1510 1067 1551 δ’
1082 1512 1391 1563 ἀναμπλάκητος.
1424 1513 1610 1561 Quorum
1632 1520 1822 1551 neutrum

391 1576 510 1616 scribi
529 1576 581 1616 ab
602 1576 802 1631 Assschylo
821 1577 968 1632 potuit.
1005 1578 1113 1617 Nam
1136 1577 1433 1630 ἀναμπλάκητος
1452 1578 1585 1618 sensui
1604 1586 1821 1633 repugnat,

391 1642 639 1693 ἆμπλάκητος
667 1657 764 1683 vero
792 1658 873 1683 non
900 1643 1028 1698 magis
1052 1643 1199 1684 dicitur
1229 1659 1352 1699 quam
1383 1644 1607 1696 ἁμάρτητος.
1667 1645 1821 1693 Quam-

391 1708 530 1749 obrem
559 1708 852 1760 ἐναμπλάκητος
881 1709 1166 1764 corrigendum
1193 1710 1368 1759 videtur,
1399 1710 1510 1765 quod
1537 1725 1630 1751 cum
1659 1709 1823 1762 ἐναμάρ-

391 1791 502 1825 τητος
534 1774 757 1830 comparari
790 1783 937 1830 potest,
969 1790 1052 1830 quo
1084 1775 1296 1830 scriptores
1330 1776 1583 1817 ecclesiastici
1615 1776 1821 1817 interdum

391 1841 453 1882 usi
474 1850 581 1882 sunt.

446 1910 542 1962 346.
567 1908 774 1960 ἐγρηγορὸς
794 1909 1012 1949 Porsonus.
1074 1909 1310 1964 Legebatur
1331 1909 1554 1962 ἐγρήγορον.

446 1984 543 2028 347.
564 1974 782 2029 πρόσπαια]
805 1974 938 2015 Schol.
952 1976 1175 2028 πρόσφατα.
1207 1979 1289 2026 νῦν,
1304 1977 1604 2027 προσπαίσαντα
1624 1977 1685 2017 καὶ
1704 1993 1824 2028 προσ-

393 2041 609 2094 κρούσαντα
629 2041 768 2083 αὐτοῖς.
803 2041 893 2081 Vid.
912 2056 1035 2096 supra
1052 2042 1143 2082 180.
1177 2042 1424 2097 Hesychius,
1441 2043 1684 2094 Πρόσπαιον.
1705 2044 1824 2094 πρόσ-

392 2113 531 2160 φατον,
565 2106 667 2147 νέον.
701 2106 771 2147 ubi
802 2107 979 2148 citantur
1009 2107 1215 2149 Nicander
1246 2108 1373 2148 Ther.
1405 2108 1501 2161 689.
1537 2111 1587 2149 Εἰ
1620 2110 1662 2148 δὲ
1697 2110 1748 2149 σύ
1775 2126 1823 2161 γε

393 2176 589 2216 σκύλακας
608 2174 752 2226 γαλέης
771 2173 794 2224 ἢ
814 2174 958 2226 μητέρα
983 2175 1145 2226 λαιδρὴν
1169 2174 1396 2228 Ἀγρεύσεις
1424 2176 1654 2227 πρόσπαιον.
1688 2175 1822 2216 Schol.

392 2242 635 2292 πρόσφατον.
659 2240 865 2294 Lycophr.
886 2251 976 2279 211.
993 2239 1067 2280 ςὨι
1083 2240 1258 2291 θυμάτων
1277 2242 1497 2293 πρόσπαιον
1518 2242 1675 2282 ἐκτίνων
1694 2241 1820 2294 χάριν.

393 2305 563 2346 Aristot.
586 2305 744 2345 Nicom.
768 2319 807 2358 9,
828 2317 868 2360 5.
889 2307 912 2356 ἡ
931 2308 1003 2357 μὲν
1023 2307 1195 2358 φίλησις,
1217 2309 1314 2357 μετὰ
1334 2308 1549 2358 συνηθείας·
1581 2309 1604 2358 ἡ
1625 2307 1655 2347 δ’
1679 2309 1821 2356 εὔνοια,

394 2372 456 2412 καὶ
477 2373 518 2412 ἐκ
546 2372 776 2424 προσπαίου.
800 2372 907 2412 unde
929 2374 987 2412 vis
1009 2387 1102 2412 vera
1131 2372 1255 2427 hujus
1281 2373 1388 2414 vocis
1416 2373 1656 2424 ostenditur,
1679 2389 1824 2430 nempe

392 2439 464 2493 qui
485 2452 536 2478 em
555 2439 778 2493 improviso
798 2439 987 2478 occurrit.
1021 2439 1248 2479 BLOMF.

448 2505 543 2558 348.
565 2505 641 2558 τοι]
667 2521 731 2544 σοι
753 2505 807 2544 Τ.

451 2571 597 2623 κλύοις]
624 2569 891 2611 Scribendum
914 2571 1042 2613 κλύεις
1059 2586 1150 2611 cum
1175 2572 1368 2613 Dobraeo.

449 2650 545 2692 350.
567 2637 652 2691 τὴν]
682 2636 949 2677 Scribendum
970 2636 1071 2687 τήνδ’
1093 2653 1186 2678 cum
1208 2640 1461 2679 Hermanno.

450 2717 474 2757 3
478 2716 547 2757 54.
581 2702 693 2756 χάρις
723 2703 871 2756 πόνων]
907 2704 1131 2744 Praemium
1168 2705 1367 2746 laborum.
1419 2706 1485 2746 De
1515 2707 1824 2761 Agamemnone

394 2780 434 2811 et
473 2770 651 2810 exercitu
691 2769 764 2824 qui
802 2779 991 2824 ceperant
1036 2771 1204 2827 Trojam
1245 2780 1351 2813 recte
1388 2771 1576 2828 intelligit
1617 2772 1822 2813 Butlerus.

395 2837 621 2877 BLOMF.

449 2914 544 2957 355.
571 2904 636 2953 νὺξ
657 2905 790 2959 φιλία]
816 2905 907 2953 Qua
927 2913 1044 2958 capta
1067 2904 1197 2959 Troja
1216 2914 1286 2944 est.
