1962 3224
678 183 769 224 AD
801 184 1241 227 CHOEPHORAS.
1614 185 1699 229 465

285 303 528 349 415—417.
547 295 852 353 ὅταν-καλῶς]
875 296 1030 339 Versus
1049 297 1247 354 corrupti.

285 364 386 416 416.
405 362 557 416 θρασέ,
570 363 823 420 ἀπέστασεν]
848 365 1040 407 Tui-nebi
1057 366 1147 408 haec
1163 375 1224 407 est
1241 364 1519 423 interpolatio.
1552 367 1700 422 θραρέα

229 429 432 471 πέστασεν
454 431 518 471 Μ.
542 431 686 475 Guelf.
710 433 822 474 Rob.
855 433 1003 487 θραρέα
1022 435 1241 476 πείστασεν
1264 433 1365 475 Ald.

286 499 385 550 418.
417 498 466 540 ἂν
495 499 641 544 πάντες
672 500 814 543 Guelf.
847 501 979 543 codex
1010 501 1246 543 Robortelli
1276 512 1317 543 et
1338 502 1440 544 Ald.
1462 512 1518 552 et,
1540 514 1586 544 ut
1607 504 1697 559 opi-

230 580 320 617 nor,
351 567 418 608 M.
453 583 504 608 ex
539 583 626 624 quo
661 569 834 613 ἅπαντες
864 579 1079 612 enotatum
1115 570 1229 627 apud
1262 571 1336 613 Fr.
1371 570 1424 613 de
1457 571 1603 614 Furia.
1647 571 1697 614 ἂν

230 635 406 678 εἰπόντες
426 636 536 678 Rob.
560 638 700 678 Turn.
726 637 869 694 Steph.
903 639 1081 682 εἰπόντες
1100 654 1151 680 ex
1180 638 1398 681 scholiasta
1418 649 1494 690 est,
1514 640 1588 696 qui
1608 641 1698 682 haec

230 699 286 741 sic
301 701 494 756 explicat,
515 704 555 744 τί
573 703 703 745 δεινὸν
724 706 902 748 εἰπόντες
923 707 1022 746 κατὰ
1043 705 1394 759 Κλυταιμνήστρας
1422 707 1609 761 τύχοιμεν
1632 709 1700 758 τῆς

229 768 302 820 σῆς
322 772 559 825 συμμαχίας,
582 770 612 813 ὦ
642 770 791 826 πάτερ;
823 772 847 824 ἢ
869 773 895 814 ἃ
913 774 1193 826 πεπόνθαμεν;
1229 773 1505 815 Scribendum
1526 774 1576 816 ἂν
1596 772 1698 828 φάν·

228 852 294 879 τες
312 851 408 877 cum
430 838 596 880 Bothio.

285 906 472 959 τύχοιμεν
490 907 776 950 Hermannus.
807 910 996 963 τύχοιμεν
1017 910 1067 950 ἄν
1089 908 1194 950 libri.

285 971 309 1024 ἢ
334 973 375 1027 (ἦ
395 973 684 1030 Blomfieldus)
708 975 847 1032 τάπερ]
869 976 899 1018 ὦ
920 977 1044 1031 πάτερ
1067 978 1206 1019 Turn.
1229 993 1281 1019 ex
1302 977 1438 1019 verbis
1468 977 1696 1020 scholiastae

229 1055 356 1097 supra
374 1042 586 1099 appositis.

285 1123 385 1165 419.
405 1111 509 1165 ἄχεα
528 1112 840 1154 Lachmannus.
873 1114 1002 1167 ἄχθεα
1020 1112 1130 1155 libri.

285 1191 385 1230 421.
420 1181 555 1235 λύκος]
596 1181 717 1222 λύκου
752 1181 1061 1237 Bambergerus
1099 1181 1140 1222 in
1182 1181 1510 1223 Zimmermanni
1550 1181 1697 1224 Diario

228 1259 265 1286 a.
291 1244 414 1300 1836.
439 1262 478 1303 p.
500 1248 600 1302 564.

283 1326 380 1365 422.
413 1315 602 1370 ἄσαντος]
627 1316 917 1373 Implacabz'lis
936 1323 997 1358 est
1019 1318 1090 1358 ira
1109 1323 1256 1359 nostra
1276 1331 1328 1358 ex·
1353 1319 1502 1359 matris
1531 1317 1696 1372 injuria

227 1386 267 1422 et
285 1382 463 1423 crimine
482 1390 689 1440 concepta.
723 1385 857 1426 SCH.

285 1449 388 1505 ἐστι]
424 1451 517 1501 εἶσι,
536 1453 722 1509 ingruit,
752 1453 1072 1510 Bambergerus,
1094 1453 1243 1495 collato
1276 1453 1423 1511 Suppl.
1450 1467 1541 1509 157.
1573 1459 1695 1509 χαλε·

225 1521 302 1558 ποῦ
322 1519 398 1571 γὰρ
420 1520 463 1560 ἐκ
481 1520 703 1571 πνεύματος
724 1520 802 1561 εἶσι
821 1521 984 1574 χειμών.

282 1587 520 1641 423—428.
554 1588 648 1628 Hos
667 1603 811 1629 versus
835 1588 962 1630 choro
982 1588 1225 1630 tribuendos
1246 1603 1332 1629 esse
1352 1588 1456 1630 vidit
1479 1590 1529 1631 Ο.
1554 1589 1696 1631 Muel-

225 1651 349 1695 lerus.

280 1734 379 1778 423.
411 1722 536 1771 ἔκοψε
559 1719 696 1766 Turn.
723 1725 866 1781 Steph.
912 1726 1067 1779 ἔκοψαν
1091 1725 1199 1767 Rob.
1255 1724 1528 1766 Scribendum
1562 1726 1694 1781 ἔκοψα

225 1804 321 1830 cum
344 1791 409 1831 M.
433 1790 578 1832 Guelf.
602 1791 703 1834 Ald.

277 1856 444 1912 Ἀρεον]
481 1858 602 1899 Libri
628 1858 806 1912 Ἀρειον.
870 1860 1143 1902 scribendum
1174 1860 1330 1913 Ἀριον,
1367 1860 1482 1917 quod
1514 1861 1694 1904 restituit

227 1925 497 1966 Hermannus
513 1926 670 1982 Opusc.
691 1928 772 1969 vol.
794 1941 834 1979 4.
857 1943 899 1984 p.
921 1929 1021 1984 338.
1041 1928 1212 1979 lectum,
1234 1938 1282 1970 ut
1303 1928 1482 1979 videtur,
1504 1929 1558 1970 ab
1578 1930 1693 1971 scho-

226 1991 359 2040 liasta,
380 1992 454 2048 qui
474 1995 676 2046 Περσικόν
696 1994 1007 2051 interpretatur.
1059 1997 1107 2037 V.
1131 1995 1183 2037 de
1203 1996 1281 2037 hoc
1302 1996 1467 2037 nomine
1489 1997 1693 2054 Hesychii

226 2059 470 2116 interpretes
503 2076 533 2101 s.
567 2076 606 2102 v.
635 2060 805 2115 Ἀρείας.
857 2063 991 2104 Recte
1025 2063 1282 2105 intellexerat
1310 2064 1586 2116 Aboesohius,
1617 2066 1691 2122 qui

228 2128 486 2184 Stephanum
509 2130 614 2186 Byz.
635 2129 734 2171 citat
755 2145 786 2171 s.
807 2145 845 2170 v.
862 2128 997 2183 Ἀρια.

285 2197 381 2252 εἴτε]
417 2197 690 2238 Scribendum
723 2198 769 2239 ἔν
798 2215 841 2239 τε
871 2213 965 2239 cum
998 2200 1245 2240 Hermanno
1266 2199 1402 2241 deleta
1421 2212 1515 2256 post
1537 2202 1687 2253 ἰηλεμι-

226 2265 362 2318 στρίας
380 2264 726 2322 interpunctione.

282 2334 469 2388 Κισσίας]
506 2334 556 2374 V.
577 2333 630 2374 ad
661 2335 776 2375 Pers.
805 2347 866 2388 17.
911 2335 1080 2378 Κισσίας
1100 2335 1212 2376 Rob.
1235 2336 1373 2376 Turn.
1399 2335 1543 2392 steph.
1589 2339 1688 2379 Κισ-

225 2401 330 2444 σίαις
350 2401 418 2441 Μ.
441 2401 586 2443 Guelf.
609 2401 709 2443 Ald.

281 2480 378 2519 424.
410 2469 565 2519 νόμοισι
593 2471 874 2523 πολεμιστρίας
907 2470 1043 2511 Turn.
1078 2470 1221 2527 Steph.
1268 2472 1424 2523 νόμοισι
1454 2473 1685 2525 λεμιστρίας

225 2536 293 2576 Μ.
325 2535 468 2577 Guelf.
498 2536 600 2578 Ald.
641 2538 753 2580 Rob.
810 2538 1082 2580 Scribendum
1119 2541 1253 2591 νόμοις
1285 2541 1554 2592 ἰηλεμιστρίας
1588 2555 1684 2581 cum

225 2603 486 2652 Hermanno,
508 2603 655 2646 collata
674 2621 770 2661 quae
790 2605 842 2646 ad
874 2606 985 2647 hune
1015 2606 1152 2662 ipsum
1175 2606 1310 2647 locum
1333 2607 1550 2648 referenda
1570 2607 1685 2648 haud

225 2669 352 2711 dubie
372 2680 433 2711 est
453 2669 589 2727 glossa
609 2672 827 2728 Hesychii‚
851 2674 1142 2726 ἰηλεμιστρίας;
1176 2674 1416 2726 θρηνητρίας.

280 2750 335 2789 42
338 2750 382 2793 5.
415 2739 756 2796 ἀπριγδόπληκτα]
789 2738 994 2792 ἄπριγκτοι
1014 2739 1168 2792 πληκτά
1187 2740 1296 2781 libri.
1338 2741 1685 2793 ἀπριγκτόπληκτα

225 2805 420 2862 Scaliger.
474 2806 620 2846 Veram
651 2805 827 2847 formam
858 2806 1036 2847 restituit
1068 2807 1354 2857 Blomfieldus‚
1384 2807 1534 2848 collato
1565 2809 1682 2849 Pers.

227 2875 352 2927 1056.
376 2874 443 2914 καί
457 2890 524 2925 μοι
543 2874 698 2926 γενείου
719 2873 839 2926 πέρθε
858 2873 1026 2927 λευκήρη
1047 2875 1178 2929 τρίχα.
1225 2879 1299 2917 Χο.
1321 2874 1475 2929 ἄπριγδ’
1498 2875 1679 2930 ἄπριγδα,

222 2939 331 2992 μάλα
350 2939 504 2994 γοεδνά.

943 3022 967 3063 3
993 3022 1022 3048 N
