1962 3224
657 180 749 222 AD
779 177 1175 221 EUMENIDES.
1568 176 1654 217 553

243 290 452 348 νεοθήλου]
473 293 686 344 νεοθηλοῦς
703 289 974 333 Abreschius.

238 360 383 417 βοτοῦ]
421 358 567 401 Porci:
615 373 655 400 v.
691 358 785 415 283.
828 357 1053 400 STANL.
1108 357 1331 398 structura
1364 364 1451 397 est:
1485 354 1565 397 ἐστ’
1599 355 1650 396 ἂν

181 427 279 480 πρὸς
307 427 447 480 ἀνδρὸς
466 428 630 479 αἵματος
650 428 864 480 καθαρσίου
884 426 1042 480 σφαγαὶ
1063 427 1279 476 νεοθηλοῦς
1304 427 1429 472 βοτοῦ
1460 423 1650 475 καθαιμάι

181 498 289 546 ξωσι·
317 494 414 548 ἀνὴρ
431 496 592 547 αἵματος
612 494 825 548 καθάρσιος
845 503 921 545 est,
937 494 1011 550 qui
1030 493 1211 549 aliquem
1231 493 1464 549 sanguini-s·
1475 491 1648 548 piaculo

179 562 338 604 liberat.
372 562 439 604 Sic
460 561 619 619 Apollo
638 562 791 604 dicitur
810 564 938 616 φόνου
959 561 1170 615 καθάρσιος
1189 576 1228 602 v,
1249 561 1351 616 568.
1385 562 1516 602 SCH.

236 639 336 685 452.
370 631 433 672 καὶ
461 632 590 684 ῥυτοῖς
627 630 781 685 πόροις]
826 630 965 672 Oresti
1003 629 1047 670 in
1082 629 1316 686 expiatione
1356 629 1648 686 Hippocrenes

180 712 330 754 aquam
362 698 591 739 adhibitam
620 698 762 749 fuisse,
783 699 910 740 refert
941 697 1170 740 Pausanias
1195 710 1237 748 2,
1259 707 1302 751 7,
1327 709 1375 750 7:
1409 696 1574 754 καθῄραι
1604 697 1648 739 δέ

181 771 310 819 φασιν
328 765 528 819 Ὀρέστην
549 767 774 820 καθαρσίοις
792 784 836 809 τε
857 768 920 809 καὶ
940 768 1082 810 ἄλλοις
1109 767 1172 808 καὶ
1187 767 1313 816 ὕδατι,
1333 765 1411 807 ἀπὸ
1430 768 1499 817 τῆς
1528 766 1649 807 ἵππου

183 833 335 888 κρήνης.
386 834 552 876 Abluto
580 835 844 877 interfectore
874 834 1014 876 sordes
1039 849 1088 876 ao
1117 834 1315 884 maculas,
1337 849 1432 890 quae
1454 833 1651 886 καθάρσια

182 917 214 943 s.
236 903 546 956 ἇποκαθάρματα
566 902 676 944 dicta
694 918 746 944 ex
767 903 893 945 domo
912 903 1022 944 foras
1042 902 1254 959 projicere,
1276 911 1403 958 atque
1423 902 1464 942 in
1491 910 1649 943 secreto

181 969 323 1026 aliquo
342 969 432 1012 loco
452 970 658 1013 occultare
678 970 880 1014 solebant.
912 972 1062 1027 Neque
1081 970 1420 1027 praetereundum
1444 979 1518 1021 est,
1535 969 1651 1026 quod

183 1037 311 1079 tradit
342 1038 568 1080 Pausanias
597 1038 622 1080 l.
645 1054 679 1081 c.
711 1054 860 1095 nempe
890 1040 1054 1080 laurum
1083 1038 1166 1081 illic
1191 1048 1371 1090 enatam,
1393 1038 1465 1080 ubi
1493 1037 1653 1080 Orestis

184 1105 380 1159 καθάρσια
402 1106 687 1148 abdebantur:
723 1107 1044 1162 κατορυχθέντων
1074 1109 1118 1149 δὲ
1143 1109 1284 1161 ὀλίγον
1310 1107 1388 1149 ἀπὸ
1411 1110 1478 1159 τῆς
1507 1110 1654 1160 σκηνῆς

183 1178 263 1216 τῶν
292 1177 517 1229 καθαρσίων
546 1175 675 1229 φασὶν
704 1175 769 1218 ἀπ’
796 1176 924 1218 αὐτῶν
957 1177 1158 1230 ἀναφῦναι
1191 1175 1359 1230 δάφνην,
1392 1176 1417 1227 ἢ
1449 1176 1495 1228 δὴ
1522 1176 1584 1217 καὶ
1612 1176 1653 1219 ἐς

184 1242 283 1295 ἡμᾶς
303 1244 414 1285 ἐστιν
431 1244 456 1296 ἡ
475 1243 551 1297 πρὸ
572 1246 639 1295 Τἣς
658 1246 805 1296 σκηνῆς
824 1245 978 1296 ταύτης.
1012 1244 1235 1285 STANL.

241 1323 343 1366 453.
366 1311 528 1366 ταύτην]
552 1313 670 1364 ταύτη
692 1312 801 1354 Rob.

242 1388 344 1434 454.
364 1380 519 1434 πεύσει]
545 1381 674 1431 πεύσῃ
694 1380 803 1422 libri.

242 1447 345 1502 456.
368 1451 578 1499 ναυβατῶν
599 1448 667 1490 Μ.
686 1448 830 1490 Guelf.
862 1453 1042 1491 ναυατῶν
1062 1447 1155 1490 libri
1174 1448 1324 1505 reliqui
1341 1449 1440 1491 vitio
1456 1448 1655 1501 sollemni,

186 1514 240 1557 de
259 1530 345 1571 quo
364 1514 451 1556 dixi
472 1515 512 1556 in
534 1526 675 1558 annot.
698 1516 752 1558 ad
774 1516 1020 1574 Sophoclem
1042 1532 1083 1574 p.
1106 1527 1206 1573 337.

244 1583 344 1638 458.
377 1583 508 1637 ἔφθιθ’
537 1584 665 1640 οὗτος]
702 1584 841 1639 ἔφθηθ’
863 1586 976 1629 οὗτος
1007 1586 1063 1628 Τ.
1111 1585 1240 1639 ἔφθιθ’
1272 1587 1393 1631 οὕτως
1421 1587 1487 1629 Μ.
1511 1586 1657 1631 Guelf.

189 1649 292 1692 Ald.
314 1650 426 1693 unde
445 1652 558 1695 οὗτος
579 1651 703 1705 ἔφθιτ’
726 1654 862 1694 Turn.
888 1653 1034 1711 Steph.

244 1731 345 1775 459.
366 1720 421 1775 ἐς]
445 1721 718 1763 Scribendum
741 1724 811 1766 εἷς.

245 1789 345 1840 461.
372 1789 548 1841 λουτρὸν
579 1789 702 1830 lectio
729 1789 783 1831 ab
817 1790 1031 1847 Stephano
1061 1800 1302 1832 memorata.
1347 1795 1525 1844 λουτρῶν
1547 1790 1658 1841 libri,

190 1853 306 1910 quod
324 1853 427 1910 legit
445 1853 676 1897 scholiasta.
712 1855 780 1897 Eo
799 1868 991 1898 revocato
1010 1857 1274 1898 scribendum
1294 1872 1388 1898 eum
1412 1858 1660 1898 Hermanno

193 1923 351 1979 Opusc.
382 1921 461 1963 vol.
485 1936 526 1974 4.
556 1938 599 1979 p.
620 1936 718 1979 339.
751 1924 940 1978 κρύψασ’,
975 1925 1001 1966 ἃ
1031 1929 1209 1978 λουτρῶν
1239 1926 1488 1978 ἐξεμαρτύρει
1516 1927 1656 1979 φόνον.

194 1994 223 2015 “
238 1989 361 2031 Conf.
384 1989 573 2046 Choeph.
599 2003 724 2046 1005.
746 1992 915 2045 ἔδρασεν
933 1991 957 2044 ἢ
978 1993 1048 2034 οὐκ
1079 1993 1234 2046 ἔδρασε·
1265 1997 1455 2047 μαρτυρεῖ
1475 1993 1518 2035 δέ
1536 2011 1603 2045 μοι
1628 1994 1635 2050 Ι

194 2060 321 2111 φᾶρος
338 2056 434 2108 τόδ’,
454 2058 506 2101 ὡς
526 2058 687 2112 ἔβαψεν
707 2061 901 2113 Αἰγίσθου
921 2061 1046 2114 ξίφος.
1109 2062 1176 2102 De
1198 2061 1354 2102 ratione
1374 2061 1499 2102 caedis
1523 2061 1660 2118 deque

194 2134 319 2176 veste,
360 2139 446 2181 qua
490 2124 674 2167 irretitus
718 2126 854 2169 fuerat
887 2129 1162 2185 Agamemno,
1199 2129 1308 2171 conf.
1346 2131 1500 2185 Agam.
1538 2142 1659 2184 1097.

199 2203 323 2250 1355.
347 2193 469 2249 1562.
491 2193 682 2251 Choeph.
704 2205 800 2250 975.
823 2208 920 2250 992.
942 2197 1123 2238 Eumen.
1138 2199 1234 2238 601.
1256 2197 1408 2254 Eurip.
1432 2199 1569 2240 Orest.
1591 2210 1658 2254 25.

195 2270 237 2302 et
266 2261 393 2303 schol.
422 2262 476 2303 ad
501 2271 567 2317 15.
599 2261 724 2304 schol.
748 2263 801 2304 ad
833 2263 984 2320 Eurip.
1007 2265 1116 2306 Hec.
1143 2266 1265 2319 1276.
1294 2265 1420 2307 schol.
1441 2266 1495 2307 ad
1527 2267 1661 2309 Hom.

197 2327 246 2370 11.
267 2333 300 2377 1,
323 2339 360 2382 7.
392 2328 606 2386 Lycophr.
635 2343 758 2385 1099.
780 2340 822 2372 et
847 2342 968 2387 1375.
998 2342 1040 2373 et
1071 2332 1197 2374 schol.
1231 2333 1429 2374 Philostr.
1462 2335 1597 2391 Imag.
1622 2348 1661 2386 2,

201 2409 270 2437 10.
302 2397 444 2439 Senec.
468 2398 625 2453 Agam.
647 2398 744 2453 879.
767 2414 882 2455 seqq.
905 2399 1057 2441 Both.”
1088 2401 1440 2444 WIESELER.
1486 2407 1664 2456 λουτρῶν

199 2464 230 2505 δ’
254 2463 449 2520 Scaliger.

256 2531 357 2583 468.
377 2533 429 2573 σύ
448 2530 498 2586 τ’]
524 2532 574 2573 σὺ
593 2531 624 2573 δ’
649 2534 897 2576 Pearsonus.
945 2535 1068 2577 Conf.
1089 2536 1142 2577 ad
1165 2538 1308 2578 Prom.
1332 2547 1429 2591 705.

255 2601 356 2652 469.
385 2597 534 2651 πράξας
562 2601 638 2652 γὰρ
669 2601 713 2641 ἐν
741 2601 821 2655 σοὶ]
855 2602 893 2642 Ι.
915 2617 957 2657 q.
988 2602 1138 2655 πράξας
1164 2606 1241 2657 γὰρ
1271 2604 1343 2656 τὴν
1372 2606 1481 2656 δίκην
1512 2606 1556 2646 ἐν
1580 2606 1659 2653 σοὶ,

200 2667 382 2719 πανταχῆ
399 2664 481 2706 τάδ’
504 2666 650 2707 αἰνέσω
671 2667 697 2708 ἃ
716 2667 766 2708 σὺ
787 2669 942 2720 κρίνεις.
976 2670 1108 2711 SCH.

256 2744 355 2786 470.
386 2732 411 2784 ἥ
430 2749 487 2776 τις
506 2733 752 2774 Pearsonus.
798 2737 836 2776 εἴ
863 2751 919 2778 τις
947 2735 1055 2777 libri.
1087 2737 1359 2780 Valckenario
1378 2738 1431 2779 ad
1454 2739 1662 2782 Herodot.

200 2812 244 2855 3,
273 2813 334 2851 14.
357 2799 619 2841 scribendum
642 2800 862 2843 videbatur
881 2803 906 2854 ἤ
924 2802 996 2845 τιν’
1018 2806 1174 2846 οἴεσθαι
1193 2807 1282 2847 τόδε
1301 2807 1449 2859 βροτὸν
1470 2807 1647 2857 δικάζειν.

257 2878 357 2920 472.
380 2869 507 2921 φόνου
527 2867 639 2910 Rob.
670 2870 817 2921 φόνους
834 2869 928 2911 libri
951 2870 1109 2928 reliqui.

259 2934 504 2990 ὀξυμηνίτου]
525 2936 783 2988 ὀξυμηνίστου
804 2938 869 2979 Μ.
901 2939 1153 2991 ὀξυμηνίτους
1176 2940 1393 2982 Stanleius.

888 3020 970 3059 4A
