<?xml version="1.0" encoding="UTF-8"?>
<!DOCTYPE html PUBLIC "-//W3C//DTD XHTML 1.0 Transitional//EN"
    "http://www.w3.org/TR/xhtml1/DTD/xhtml1-transitional.dtd">
<html xmlns="http://www.w3.org/1999/xhtml" xml:lang="en" lang="en">
 <head>
  <title>
</title>
<meta http-equiv="Content-Type" content="text/html;charset=utf-8" />
  <meta name='ocr-system' content='tesseract 3.04.00' />
  <meta name='ocr-capabilities' content='ocr_page ocr_carea ocr_par ocr_line ocrx_word'/>
</head>
<body>
  <div class='ocr_page' id='page_1' title='image "./p2tragoediaesupe02aescuoft_0063.png"; bbox 0 0 1962 3224; ppageno 0'>
   <div class='ocr_carea' id='block_1_1' title="bbox 0 2279 54 3224">
    <p class='ocr_par' dir='ltr' id='par_1_1' title="bbox 0 2279 54 3224">
     <span class='ocr_line' id='line_1_1' title="bbox 0 2279 54 3224; baseline 0 0"><span class='ocrx_word' id='word_1_1' title='bbox 0 2279 54 3224; x_wconf 95' lang='lat' dir='ltr'><strong> </strong></span> 
     </span>
    </p>
   </div>
   <div class='ocr_carea' id='block_1_2' title="bbox 551 174 1624 219">
    <p class='ocr_par' dir='ltr' id='par_1_2' title="bbox 551 174 1624 219">
     <span class='ocr_line' id='line_1_2' title="bbox 551 174 1624 219; baseline -0.001 0"><span class='ocrx_word' id='word_1_2' title='bbox 551 178 643 219; x_wconf 93' lang='lat' dir='ltr'><strong>AD</strong></span> <span class='ocrx_word' id='word_1_3' title='bbox 674 176 1140 218; x_wconf 87' lang='lat' dir='ltr'><strong>AGAMEMNONE</strong></span> <span class='ocrx_word' id='word_1_4' title='bbox 1147 176 1210 216; x_wconf 93' lang='lat' dir='ltr'><strong>M.</strong></span> <span class='ocrx_word' id='word_1_5' title='bbox 1537 174 1624 219; x_wconf 76' lang='lat'><strong>379</strong></span> 
     </span>
    </p>
   </div>
   <div class='ocr_carea' id='block_1_3' title="bbox 149 291 1650 3062">
    <p class='ocr_par' dir='ltr' id='par_1_3' title="bbox 210 291 1063 361">
     <span class='ocr_line' id='line_1_3' title="bbox 210 291 1063 361; baseline -0.004 -14"><span class='ocrx_word' id='word_1_6' title='bbox 210 317 308 361; x_wconf 87' lang='lat'>719.</span> <span class='ocrx_word' id='word_1_7' title='bbox 330 306 450 348; x_wconf 80' lang='grc' dir='ltr'>οὕτως</span> <span class='ocrx_word' id='word_1_8' title='bbox 469 305 526 346; x_wconf 91' lang='grc' dir='ltr'><strong>Τ.</strong></span> <span class='ocrx_word' id='word_1_9' title='bbox 558 291 672 348; x_wconf 56' lang='lat' dir='ltr'><strong>obvii}</strong></span> <span class='ocrx_word' id='word_1_10' title='bbox 692 302 759 345; x_wconf 86' lang='lat' dir='ltr'><strong>Fl.</strong></span> <span class='ocrx_word' id='word_1_11' title='bbox 789 303 904 347; x_wconf 84' lang='grc' dir='ltr'>οὗτος</span> <span class='ocrx_word' id='word_1_12' title='bbox 922 301 1063 359; x_wconf 87' lang='lat' dir='ltr'><strong>vulg0.</strong></span> 
     </span>
    </p>

    <p class='ocr_par' dir='ltr' id='par_1_4' title="bbox 209 370 756 428">
     <span class='ocr_line' id='line_1_4' title="bbox 209 370 756 428; baseline -0.004 -14"><span class='ocrx_word' id='word_1_13' title='bbox 209 383 307 427; x_wconf 83' lang='lat'>722.</span> <span class='ocrx_word' id='word_1_14' title='bbox 327 370 534 428; x_wconf 77' lang='grc' dir='ltr'>γεραροῖς]</span> <span class='ocrx_word' id='word_1_15' title='bbox 556 371 756 414; x_wconf 72' lang='lat' dir='ltr'><strong>Senibus.</strong></span> 
     </span>
    </p>

    <p class='ocr_par' dir='ltr' id='par_1_5' title="bbox 149 436 1626 564">
     <span class='ocr_line' id='line_1_5' title="bbox 210 436 1626 496; baseline -0.002 -14"><span class='ocrx_word' id='word_1_16' title='bbox 210 451 308 496; x_wconf 86' lang='grc'><strong>723.</strong></span> <span class='ocrx_word' id='word_1_17' title='bbox 346 439 497 496; x_wconf 85' lang='grc' dir='ltr'>πολέα]</span> <span class='ocrx_word' id='word_1_18' title='bbox 538 438 769 481; x_wconf 85' lang='lat' dir='ltr'><strong>Rarissima</strong></span> <span class='ocrx_word' id='word_1_19' title='bbox 807 438 923 495; x_wconf 88' lang='lat' dir='ltr'><strong>apud</strong></span> <span class='ocrx_word' id='word_1_20' title='bbox 962 437 1142 494; x_wconf 86' lang='lat' dir='ltr'><strong>tragicos</strong></span> <span class='ocrx_word' id='word_1_21' title='bbox 1183 436 1320 478; x_wconf 86' lang='lat' dir='ltr'><strong>forma</strong></span> <span class='ocrx_word' id='word_1_22' title='bbox 1365 436 1510 479; x_wconf 83' lang='lat' dir='ltr'><strong>Ionica</strong></span> <span class='ocrx_word' id='word_1_23' title='bbox 1547 453 1626 495; x_wconf 86' lang='lat' dir='ltr'><strong>pro</strong></span> 
     </span>
     <span class='ocr_line' id='line_1_6' title="bbox 149 505 1466 564; baseline -0.002 -15"><span class='ocrx_word' id='word_1_24' title='bbox 149 507 297 549; x_wconf 86' lang='grc' dir='ltr'>πολλά.</span> <span class='ocrx_word' id='word_1_25' title='bbox 329 507 489 549; x_wconf 92' lang='grc' dir='ltr'>πολέων</span> <span class='ocrx_word' id='word_1_26' title='bbox 508 522 587 564; x_wconf 92' lang='lat' dir='ltr'><strong>pro</strong></span> <span class='ocrx_word' id='word_1_27' title='bbox 605 510 771 548; x_wconf 82' lang='grc' dir='ltr'>πολλῶν</span> <span class='ocrx_word' id='word_1_28' title='bbox 791 505 899 548; x_wconf 84' lang='lat' dir='ltr'><strong>dixit</strong></span> <span class='ocrx_word' id='word_1_29' title='bbox 914 505 1146 562; x_wconf 82' lang='lat' dir='ltr'>Euripides</span> <span class='ocrx_word' id='word_1_30' title='bbox 1167 505 1321 546; x_wconf 87' lang='lat' dir='ltr'><strong>Helen.</strong></span> <span class='ocrx_word' id='word_1_31' title='bbox 1342 518 1360 545; x_wconf 81' lang='grc' dir='ltr'><strong>Ι</strong></span> <span class='ocrx_word' id='word_1_32' title='bbox 1366 517 1466 560; x_wconf 90' lang='grc'><strong>332.</strong></span> 
     </span>
    </p>

    <p class='ocr_par' dir='ltr' id='par_1_6' title="bbox 150 571 1628 834">
     <span class='ocr_line' id='line_1_7' title="bbox 210 571 1628 632; baseline -0.003 -16"><span class='ocrx_word' id='word_1_33' title='bbox 210 574 320 632; x_wconf 84' lang='grc' dir='ltr'>ἔσχ’]</span> <span class='ocrx_word' id='word_1_34' title='bbox 354 575 502 616; x_wconf 86' lang='lat' dir='ltr'>Lectio</span> <span class='ocrx_word' id='word_1_35' title='bbox 532 574 689 616; x_wconf 87' lang='lat' dir='ltr'><strong>vitiosa.</strong></span> <span class='ocrx_word' id='word_1_36' title='bbox 749 574 847 615; x_wconf 92' lang='lat' dir='ltr'><strong>Non</strong></span> <span class='ocrx_word' id='word_1_37' title='bbox 877 573 1077 615; x_wconf 84' lang='lat' dir='ltr'>satisfacit</span> <span class='ocrx_word' id='word_1_38' title='bbox 1112 571 1351 615; x_wconf 82' lang='lat' dir='ltr'><strong>casauboni</strong></span> <span class='ocrx_word' id='word_1_39' title='bbox 1386 572 1628 628; x_wconf 86' lang='lat' dir='ltr'><strong>conjectura</strong></span> 
     </span>
     <span class='ocr_line' id='line_1_8' title="bbox 151 639 1626 698; baseline -0.003 -15"><span class='ocrx_word' id='word_1_40' title='bbox 151 643 262 692; x_wconf 81' lang='grc' dir='ltr'>ἔσκε,</span> <span class='ocrx_word' id='word_1_41' title='bbox 296 642 322 683; x_wconf 87' lang='lat' dir='ltr'><strong>i.</strong></span> <span class='ocrx_word' id='word_1_42' title='bbox 345 658 379 683; x_wconf 92' lang='lat' dir='ltr'><strong>e.</strong></span> <span class='ocrx_word' id='word_1_43' title='bbox 415 643 478 694; x_wconf 86' lang='grc' dir='ltr'><strong>ἦν,</strong></span> <span class='ocrx_word' id='word_1_44' title='bbox 506 657 593 698; x_wconf 93' lang='lat' dir='ltr'><strong>quo</strong></span> <span class='ocrx_word' id='word_1_45' title='bbox 618 641 862 698; x_wconf 81' lang='lat' dir='ltr'><strong>imperfecto</strong></span> <span class='ocrx_word' id='word_1_46' title='bbox 890 657 992 683; x_wconf 88' lang='lat' dir='ltr'><strong>usus</strong></span> <span class='ocrx_word' id='word_1_47' title='bbox 1022 651 1084 684; x_wconf 90' lang='lat' dir='ltr'><strong>est</strong></span> <span class='ocrx_word' id='word_1_48' title='bbox 1117 639 1349 696; x_wconf 86' lang='lat' dir='ltr'><strong>AEschylus</strong></span> <span class='ocrx_word' id='word_1_49' title='bbox 1377 641 1494 681; x_wconf 85' lang='lat' dir='ltr'><strong>Pers.</strong></span> <span class='ocrx_word' id='word_1_50' title='bbox 1528 640 1626 694; x_wconf 85' lang='lat'><strong>656.</strong></span> 
     </span>
     <span class='ocr_line' id='line_1_9' title="bbox 154 705 1626 767; baseline -0.002 -16"><span class='ocrx_word' id='word_1_51' title='bbox 154 709 430 752; x_wconf 88' lang='lat' dir='ltr'><strong>Scribendum</strong></span> <span class='ocrx_word' id='word_1_52' title='bbox 459 708 562 762; x_wconf 80' lang='grc' dir='ltr'><strong>ἦστ’.</strong></span> <span class='ocrx_word' id='word_1_53' title='bbox 593 709 716 766; x_wconf 90' lang='lat' dir='ltr'><strong>cujus</strong></span> <span class='ocrx_word' id='word_1_54' title='bbox 745 709 952 767; x_wconf 84' lang='lat' dir='ltr'><strong>scriptura</strong></span> <span class='ocrx_word' id='word_1_55' title='bbox 980 709 1156 766; x_wconf 86' lang='lat' dir='ltr'><strong>antiqua</strong></span> <span class='ocrx_word' id='word_1_56' title='bbox 1177 711 1283 750; x_wconf 90' lang='grc' dir='ltr'><strong>ΕΣΤ</strong></span> <span class='ocrx_word' id='word_1_57' title='bbox 1311 706 1435 749; x_wconf 87' lang='lat' dir='ltr'><strong>facile</strong></span> <span class='ocrx_word' id='word_1_58' title='bbox 1463 707 1506 748; x_wconf 89' lang='lat' dir='ltr'><strong>in</strong></span> <span class='ocrx_word' id='word_1_59' title='bbox 1539 705 1626 761; x_wconf 83' lang='grc' dir='ltr'>ἔσχ’</span> 
     </span>
     <span class='ocr_line' id='line_1_10' title="bbox 150 777 534 834; baseline 0 -15"><span class='ocrx_word' id='word_1_60' title='bbox 150 777 364 834; x_wconf 84' lang='lat' dir='ltr'><strong>corrumpi</strong></span> <span class='ocrx_word' id='word_1_61' title='bbox 384 777 534 834; x_wconf 84' lang='lat' dir='ltr'><strong>potuit.</strong></span> 
     </span>
    </p>

    <p class='ocr_par' dir='ltr' id='par_1_7' title="bbox 151 841 1631 969">
     <span class='ocr_line' id='line_1_11' title="bbox 213 841 1631 902; baseline -0.004 -13"><span class='ocrx_word' id='word_1_62' title='bbox 213 855 236 900; x_wconf 89' lang='grc'><strong>7</strong></span> <span class='ocrx_word' id='word_1_63' title='bbox 243 859 267 889; x_wconf 85' lang='lat'>2</span> <span class='ocrx_word' id='word_1_64' title='bbox 269 854 312 900; x_wconf 79' lang='lat'><strong>5.</strong></span> <span class='ocrx_word' id='word_1_65' title='bbox 334 845 561 899; x_wconf 78' lang='grc' dir='ltr'>φαιδρωπὸς</span> <span class='ocrx_word' id='word_1_66' title='bbox 579 847 670 887; x_wconf 82' lang='grc' dir='ltr'>ποτὶ</span> <span class='ocrx_word' id='word_1_67' title='bbox 689 844 827 902; x_wconf 82' lang='grc' dir='ltr'>χεῖρα]</span> <span class='ocrx_word' id='word_1_68' title='bbox 858 846 956 887; x_wconf 88' lang='lat' dir='ltr'><strong>Hoc</strong></span> <span class='ocrx_word' id='word_1_69' title='bbox 976 854 1038 887; x_wconf 85' lang='lat' dir='ltr'><strong>est</strong></span> <span class='ocrx_word' id='word_1_70' title='bbox 1057 844 1173 901; x_wconf 91' lang='lat' dir='ltr'><strong>quod</strong></span> <span class='ocrx_word' id='word_1_71' title='bbox 1193 844 1235 885; x_wconf 84' lang='lat' dir='ltr'><strong>in</strong></span> <span class='ocrx_word' id='word_1_72' title='bbox 1258 858 1446 886; x_wconf 85' lang='lat' dir='ltr'><strong>sermone</strong></span> <span class='ocrx_word' id='word_1_73' title='bbox 1464 841 1631 899; x_wconf 84' lang='lat' dir='ltr'><strong>vulgari</strong></span> 
     </span>
     <span class='ocr_line' id='line_1_12' title="bbox 151 913 546 969; baseline 0.003 -14"><span class='ocrx_word' id='word_1_74' title='bbox 151 913 360 969; x_wconf 81' lang='grc' dir='ltr'>χειροήθης</span> <span class='ocrx_word' id='word_1_75' title='bbox 380 913 546 956; x_wconf 86' lang='lat' dir='ltr'><strong>dicitur.</strong></span> 
     </span>
    </p>

    <p class='ocr_par' dir='ltr' id='par_1_8' title="bbox 156 975 1632 1104">
     <span class='ocr_line' id='line_1_13' title="bbox 217 975 1632 1037; baseline -0.004 -15"><span class='ocrx_word' id='word_1_76' title='bbox 217 981 314 1034; x_wconf 86' lang='lat'><strong>728.</strong></span> <span class='ocrx_word' id='word_1_77' title='bbox 345 981 516 1036; x_wconf 83' lang='grc' dir='ltr'>πρόσθε]</span> <span class='ocrx_word' id='word_1_78' title='bbox 551 981 796 1037; x_wconf 83' lang='lat' dir='ltr'><strong>Legebatur</strong></span> <span class='ocrx_word' id='word_1_79' title='bbox 825 982 935 1034; x_wconf 89' lang='grc' dir='ltr'>πρός.</span> <span class='ocrx_word' id='word_1_80' title='bbox 985 981 1136 1021; x_wconf 83' lang='lat' dir='ltr'><strong>Veram</strong></span> <span class='ocrx_word' id='word_1_81' title='bbox 1158 979 1407 1036; x_wconf 79' lang='lat' dir='ltr'>scripturam</span> <span class='ocrx_word' id='word_1_82' title='bbox 1428 975 1632 1035; x_wconf 85' lang='lat' dir='ltr'><strong>expressit</strong></span> 
     </span>
     <span class='ocr_line' id='line_1_14' title="bbox 156 1047 1300 1104; baseline -0.001 -15"><span class='ocrx_word' id='word_1_83' title='bbox 156 1047 462 1099; x_wconf 85' lang='lat' dir='ltr'><strong>Humboldtus‚</strong></span> <span class='ocrx_word' id='word_1_84' title='bbox 485 1063 536 1090; x_wconf 85' lang='lat' dir='ltr'><strong>ex</strong></span> <span class='ocrx_word' id='word_1_85' title='bbox 560 1049 812 1100; x_wconf 88' lang='lat' dir='ltr'><strong>Hermanni,</strong></span> <span class='ocrx_word' id='word_1_86' title='bbox 834 1048 878 1089; x_wconf 92' lang='lat' dir='ltr'><strong>ni</strong></span> <span class='ocrx_word' id='word_1_87' title='bbox 897 1048 1031 1099; x_wconf 87' lang='lat' dir='ltr'><strong>fallor,</strong></span> <span class='ocrx_word' id='word_1_88' title='bbox 1048 1047 1300 1104; x_wconf 83' lang='lat' dir='ltr'><strong>conjectura.</strong></span> 
     </span>
    </p>

    <p class='ocr_par' dir='ltr' id='par_1_9' title="bbox 210 1114 630 1170">
     <span class='ocr_line' id='line_1_15' title="bbox 210 1114 630 1170; baseline 0.002 -14"><span class='ocrx_word' id='word_1_89' title='bbox 210 1114 379 1170; x_wconf 75' lang='grc' dir='ltr'>τοκήων]</span> <span class='ocrx_word' id='word_1_90' title='bbox 401 1115 550 1158; x_wconf 86' lang='grc' dir='ltr'>τοκέων</span> <span class='ocrx_word' id='word_1_91' title='bbox 572 1117 630 1157; x_wconf 87' lang='grc' dir='ltr'><strong>Τ.</strong></span> 
     </span>
    </p>

    <p class='ocr_par' dir='ltr' id='par_1_10' title="bbox 153 1180 1633 1293">
     <span class='ocr_line' id='line_1_16' title="bbox 214 1180 1633 1239; baseline -0.002 -16"><span class='ocrx_word' id='word_1_92' title='bbox 214 1193 311 1239; x_wconf 87' lang='grc'><strong>729.</strong></span> <span class='ocrx_word' id='word_1_93' title='bbox 343 1187 494 1238; x_wconf 80' lang='grc' dir='ltr'>τροφᾶς</span> <span class='ocrx_word' id='word_1_94' title='bbox 522 1186 599 1238; x_wconf 77' lang='grc' dir='ltr'>γὰρ</span> <span class='ocrx_word' id='word_1_95' title='bbox 630 1185 879 1225; x_wconf 85' lang='lat' dir='ltr'><strong>Pearsonus.</strong></span> <span class='ocrx_word' id='word_1_96' title='bbox 925 1185 1002 1237; x_wconf 77' lang='grc' dir='ltr'>γὰρ</span> <span class='ocrx_word' id='word_1_97' title='bbox 1033 1184 1185 1236; x_wconf 79' lang='grc' dir='ltr'>τροφᾶς</span> <span class='ocrx_word' id='word_1_98' title='bbox 1210 1180 1318 1223; x_wconf 84' lang='lat' dir='ltr'><strong>libri.</strong></span> <span class='ocrx_word' id='word_1_99' title='bbox 1360 1183 1436 1234; x_wconf 78' lang='grc' dir='ltr'>γὰρ</span> <span class='ocrx_word' id='word_1_100' title='bbox 1462 1182 1633 1234; x_wconf 82' lang='grc' dir='ltr'>τροφεῦ-</span> 
     </span>
     <span class='ocr_line' id='line_1_17' title="bbox 153 1252 306 1293; baseline 0.007 -1"><span class='ocrx_word' id='word_1_101' title='bbox 153 1268 227 1293; x_wconf 85' lang='grc' dir='ltr'><strong>σιν</strong></span> <span class='ocrx_word' id='word_1_102' title='bbox 249 1252 306 1293; x_wconf 90' lang='grc' dir='ltr'><strong>Τ.</strong></span> 
     </span>
    </p>

    <p class='ocr_par' dir='ltr' id='par_1_11' title="bbox 216 1314 1394 1374">
     <span class='ocr_line' id='line_1_18' title="bbox 216 1314 1394 1374; baseline -0.003 -15"><span class='ocrx_word' id='word_1_103' title='bbox 216 1329 316 1374; x_wconf 89' lang='grc'><strong>730.</strong></span> <span class='ocrx_word' id='word_1_104' title='bbox 339 1318 502 1371; x_wconf 83' lang='grc' dir='ltr'>ἄγαισιν</span> <span class='ocrx_word' id='word_1_105' title='bbox 522 1319 809 1359; x_wconf 81' lang='lat' dir='ltr'><strong>Hermannus.</strong></span> <span class='ocrx_word' id='word_1_106' title='bbox 840 1317 1000 1359; x_wconf 79' lang='grc' dir='ltr'>ἄταισιν</span> <span class='ocrx_word' id='word_1_107' title='bbox 1018 1316 1163 1373; x_wconf 90' lang='lat' dir='ltr'><strong>vulgo.</strong></span> <span class='ocrx_word' id='word_1_108' title='bbox 1194 1316 1305 1359; x_wconf 84' lang='grc' dir='ltr'>ἄταις</span> <span class='ocrx_word' id='word_1_109' title='bbox 1326 1314 1394 1356; x_wconf 89' lang='lat' dir='ltr'><strong>Fl.</strong></span> 
     </span>
    </p>

    <p class='ocr_par' dir='ltr' id='par_1_12' title="bbox 216 1384 983 1443">
     <span class='ocr_line' id='line_1_19' title="bbox 216 1384 983 1443; baseline -0.004 -15"><span class='ocrx_word' id='word_1_110' title='bbox 216 1398 315 1443; x_wconf 84' lang='lat'><strong>733.</strong></span> <span class='ocrx_word' id='word_1_111' title='bbox 335 1386 494 1440; x_wconf 87' lang='grc' dir='ltr'>ἄμαχον</span> <span class='ocrx_word' id='word_1_112' title='bbox 515 1387 572 1427; x_wconf 91' lang='grc' dir='ltr'><strong>Τ.</strong></span> <span class='ocrx_word' id='word_1_113' title='bbox 604 1386 762 1439; x_wconf 84' lang='grc' dir='ltr'>ἄμαχον</span> <span class='ocrx_word' id='word_1_114' title='bbox 783 1384 815 1426; x_wconf 88' lang='grc' dir='ltr'><strong>δ’</strong></span> <span class='ocrx_word' id='word_1_115' title='bbox 837 1384 983 1441; x_wconf 89' lang='lat' dir='ltr'><strong>vulgo.</strong></span> 
     </span>
    </p>

    <p class='ocr_par' dir='ltr' id='par_1_13' title="bbox 160 1450 1636 1564">
     <span class='ocr_line' id='line_1_20' title="bbox 212 1450 1636 1510; baseline -0.002 -16"><span class='ocrx_word' id='word_1_116' title='bbox 212 1466 316 1510; x_wconf 87' lang='lat'>734.</span> <span class='ocrx_word' id='word_1_117' title='bbox 362 1453 630 1510; x_wconf 89' lang='grc' dir='ltr'>πολυκτόνον]</span> <span class='ocrx_word' id='word_1_118' title='bbox 676 1453 924 1495; x_wconf 81' lang='grc' dir='ltr'>πολύκτονον</span> <span class='ocrx_word' id='word_1_119' title='bbox 968 1451 1110 1508; x_wconf 88' lang='lat' dir='ltr'><strong>vulgo.</strong></span> <span class='ocrx_word' id='word_1_120' title='bbox 1178 1451 1414 1493; x_wconf 88' lang='lat' dir='ltr'><strong>Accentum</strong></span> <span class='ocrx_word' id='word_1_121' title='bbox 1455 1450 1636 1491; x_wconf 86' lang='lat' dir='ltr'><strong>correxit</strong></span> 
     </span>
     <span class='ocr_line' id='line_1_21' title="bbox 160 1522 354 1564; baseline -0.01 0"><span class='ocrx_word' id='word_1_122' title='bbox 160 1522 354 1564; x_wconf 84' lang='lat' dir='ltr'><strong>Bothius.</strong></span> 
     </span>
    </p>

    <p class='ocr_par' dir='ltr' id='par_1_14' title="bbox 157 1586 1637 1833">
     <span class='ocr_line' id='line_1_22' title="bbox 221 1586 1635 1644; baseline -0.001 -16"><span class='ocrx_word' id='word_1_123' title='bbox 221 1597 318 1644; x_wconf 82' lang='lat'><strong><em>735.</em></strong></span> <span class='ocrx_word' id='word_1_124' title='bbox 355 1588 481 1641; x_wconf 79' lang='grc' dir='ltr'>ἱερεύς</span> <span class='ocrx_word' id='word_1_125' title='bbox 514 1604 572 1630; x_wconf 87' lang='grc' dir='ltr'>τις</span> <span class='ocrx_word' id='word_1_126' title='bbox 602 1586 720 1643; x_wconf 82' lang='grc' dir='ltr'>ἄτας]</span> <span class='ocrx_word' id='word_1_127' title='bbox 763 1588 974 1628; x_wconf 87' lang='lat' dir='ltr'><strong>Stauleius</strong></span> <span class='ocrx_word' id='word_1_128' title='bbox 1008 1595 1223 1643; x_wconf 87' lang='lat' dir='ltr'><strong>comparat</strong></span> <span class='ocrx_word' id='word_1_129' title='bbox 1255 1586 1396 1627; x_wconf 89' lang='lat' dir='ltr'><strong>Theb.</strong></span> <span class='ocrx_word' id='word_1_130' title='bbox 1425 1597 1526 1641; x_wconf 84' lang='lat'>571.</span> <span class='ocrx_word' id='word_1_131' title='bbox 1564 1586 1635 1627; x_wconf 91' lang='lat' dir='ltr'><strong>ubi</strong></span> 
     </span>
     <span class='ocr_line' id='line_1_23' title="bbox 161 1654 1637 1714; baseline -0.002 -16"><span class='ocrx_word' id='word_1_132' title='bbox 161 1656 342 1714; x_wconf 87' lang='lat' dir='ltr'><strong>Tydeus</strong></span> <span class='ocrx_word' id='word_1_133' title='bbox 359 1654 514 1696; x_wconf 89' lang='lat' dir='ltr'><strong>dicitur</strong></span> <span class='ocrx_word' id='word_1_134' title='bbox 532 1654 713 1709; x_wconf 82' lang='grc' dir='ltr'>Ἐρινύος</span> <span class='ocrx_word' id='word_1_135' title='bbox 734 1654 894 1708; x_wconf 69' lang='grc' dir='ltr'>κλητήρ.</span> <span class='ocrx_word' id='word_1_136' title='bbox 948 1655 1017 1696; x_wconf 88' lang='lat' dir='ltr'><strong>Sic</strong></span> <span class='ocrx_word' id='word_1_137' title='bbox 1036 1655 1146 1696; x_wconf 85' lang='lat' dir='ltr'><strong>infra</strong></span> <span class='ocrx_word' id='word_1_138' title='bbox 1170 1655 1294 1697; x_wconf 79' lang='lat'>1206.</span> <span class='ocrx_word' id='word_1_139' title='bbox 1319 1655 1494 1695; x_wconf 87' lang='grc' dir='ltr'>θύουσαν</span> <span class='ocrx_word' id='word_1_140' title='bbox 1515 1655 1637 1695; x_wconf 83' lang='grc' dir='ltr'>Αἴδου</span> 
     </span>
     <span class='ocr_line' id='line_1_24' title="bbox 157 1722 1636 1779; baseline 0 -15"><span class='ocrx_word' id='word_1_141' title='bbox 157 1722 306 1776; x_wconf 84' lang='grc' dir='ltr'>μητέρ’.</span> <span class='ocrx_word' id='word_1_142' title='bbox 369 1723 421 1764; x_wconf 92' lang='lat' dir='ltr'><strong>In</strong></span> <span class='ocrx_word' id='word_1_143' title='bbox 447 1722 601 1779; x_wconf 88' lang='lat' dir='ltr'><strong>Eurip.</strong></span> <span class='ocrx_word' id='word_1_144' title='bbox 631 1724 769 1764; x_wconf 84' lang='lat' dir='ltr'><strong>Orest.</strong></span> <span class='ocrx_word' id='word_1_145' title='bbox 793 1735 890 1778; x_wconf 82' lang='grc'><strong>255.</strong></span> <span class='ocrx_word' id='word_1_146' title='bbox 919 1722 1062 1764; x_wconf 87' lang='lat' dir='ltr'><strong>Furiae</strong></span> <span class='ocrx_word' id='word_1_147' title='bbox 1093 1731 1296 1763; x_wconf 86' lang='lat' dir='ltr'><strong>vocantur</strong></span> <span class='ocrx_word' id='word_1_148' title='bbox 1328 1722 1476 1776; x_wconf 81' lang='grc' dir='ltr'>ἐνέρων</span> <span class='ocrx_word' id='word_1_149' title='bbox 1504 1722 1636 1776; x_wconf 84' lang='grc' dir='ltr'>ἱέριαι.</span> 
     </span>
     <span class='ocr_line' id='line_1_25' title="bbox 163 1792 399 1833; baseline -0.004 -1"><span class='ocrx_word' id='word_1_150' title='bbox 163 1792 399 1833; x_wconf 81' lang='lat' dir='ltr'><strong>BLOMF.</strong></span> 
     </span>
    </p>

    <p class='ocr_par' dir='ltr' id='par_1_15' title="bbox 218 1857 1164 1913">
     <span class='ocr_line' id='line_1_26' title="bbox 218 1857 1164 1913; baseline -0.001 -13"><span class='ocrx_word' id='word_1_151' title='bbox 218 1858 499 1913; x_wconf 84' lang='grc' dir='ltr'>προσεθρέφθη</span> <span class='ocrx_word' id='word_1_152' title='bbox 521 1858 745 1899; x_wconf 76' lang='lat' dir='ltr'><strong>Heathius.</strong></span> <span class='ocrx_word' id='word_1_153' title='bbox 776 1857 1035 1911; x_wconf 83' lang='grc' dir='ltr'>προσετράφη</span> <span class='ocrx_word' id='word_1_154' title='bbox 1057 1857 1164 1900; x_wconf 83' lang='lat' dir='ltr'>libri.</span> 
     </span>
    </p>

    <p class='ocr_par' dir='ltr' id='par_1_16' title="bbox 161 1924 1638 2050">
     <span class='ocr_line' id='line_1_27' title="bbox 222 1924 1638 1983; baseline -0.001 -15"><span class='ocrx_word' id='word_1_155' title='bbox 222 1937 319 1982; x_wconf 87' lang='lat'><strong><em>737.</em></strong></span> <span class='ocrx_word' id='word_1_156' title='bbox 340 1924 430 1979; x_wconf 91' lang='grc' dir='ltr'>παρ’</span> <span class='ocrx_word' id='word_1_157' title='bbox 453 1926 552 1966; x_wconf 78' lang='grc' dir='ltr'>αὐτὰ</span> <span class='ocrx_word' id='word_1_158' title='bbox 567 1925 792 1966; x_wconf 87' lang='lat' dir='ltr'><strong>Heathius.</strong></span> <span class='ocrx_word' id='word_1_159' title='bbox 823 1928 1004 1978; x_wconf 80' lang='grc' dir='ltr'>παραυτᾶ</span> <span class='ocrx_word' id='word_1_160' title='bbox 1024 1926 1060 1966; x_wconf 91' lang='lat' dir='ltr'>F</span> <span class='ocrx_word' id='word_1_161' title='bbox 1063 1925 1091 1967; x_wconf 93' lang='lat' dir='ltr'><strong>l.</strong></span> <span class='ocrx_word' id='word_1_162' title='bbox 1124 1925 1305 1979; x_wconf 84' lang='grc' dir='ltr'>πάραυτα</span> <span class='ocrx_word' id='word_1_163' title='bbox 1324 1926 1465 1982; x_wconf 89' lang='lat' dir='ltr'><strong>vulgo.</strong></span> <span class='ocrx_word' id='word_1_164' title='bbox 1501 1926 1638 1983; x_wconf 89' lang='lat' dir='ltr'><strong>Signi-</strong></span> 
     </span>
     <span class='ocr_line' id='line_1_28' title="bbox 161 1993 1495 2050; baseline 0 -15"><span class='ocrx_word' id='word_1_165' title='bbox 161 1994 259 2035; x_wconf 83' lang='lat' dir='ltr'><strong>ficat</strong></span> <span class='ocrx_word' id='word_1_166' title='bbox 278 2005 418 2035; x_wconf 88' lang='lat' dir='ltr'><strong>autem</strong></span> <span class='ocrx_word' id='word_1_167' title='bbox 431 2007 568 2050; x_wconf 81' lang='lat' dir='ltr'><strong>prope</strong></span> <span class='ocrx_word' id='word_1_168' title='bbox 587 1993 686 2041; x_wconf 79' lang='lat' dir='ltr'><strong><em>hoec,</em></strong></span> <span class='ocrx_word' id='word_1_169' title='bbox 708 1993 737 2033; x_wconf 90' lang='lat' dir='ltr'><strong>i.</strong></span> <span class='ocrx_word' id='word_1_170' title='bbox 758 2008 795 2034; x_wconf 87' lang='lat' dir='ltr'><strong>e.</strong></span> <span class='ocrx_word' id='word_1_171' title='bbox 816 1993 1026 2044; x_wconf 67' lang='lat' dir='ltr'><strong>similiter,</strong></span> <span class='ocrx_word' id='word_1_172' title='bbox 1049 2003 1096 2034; x_wconf 91' lang='lat' dir='ltr'><strong>ut</strong></span> <span class='ocrx_word' id='word_1_173' title='bbox 1117 1993 1280 2035; x_wconf 88' lang='lat' dir='ltr'><strong>monuit</strong></span> <span class='ocrx_word' id='word_1_174' title='bbox 1301 1994 1495 2035; x_wconf 88' lang='lat' dir='ltr'><strong>Bothius.</strong></span> 
     </span>
    </p>

    <p class='ocr_par' dir='ltr' id='par_1_17' title="bbox 161 2060 1640 2186">
     <span class='ocr_line' id='line_1_29' title="bbox 222 2060 1640 2118; baseline -0.001 -15"><span class='ocrx_word' id='word_1_175' title='bbox 222 2060 255 2103; x_wconf 85' lang='grc' dir='ltr'><strong>δ’</strong></span> <span class='ocrx_word' id='word_1_176' title='bbox 278 2061 345 2103; x_wconf 85' lang='lat' dir='ltr'><strong>Fl.</strong></span> <span class='ocrx_word' id='word_1_177' title='bbox 386 2060 419 2102; x_wconf 80' lang='grc' dir='ltr'><strong>δ’</strong></span> <span class='ocrx_word' id='word_1_178' title='bbox 441 2061 511 2102; x_wconf 78' lang='grc' dir='ltr'><strong>οὖν</strong></span> <span class='ocrx_word' id='word_1_179' title='bbox 531 2060 681 2117; x_wconf 88' lang='lat' dir='ltr'><strong>vulgo:</strong></span> <span class='ocrx_word' id='word_1_180' title='bbox 715 2076 812 2116; x_wconf 89' lang='lat' dir='ltr'><strong>quae</strong></span> <span class='ocrx_word' id='word_1_181' title='bbox 834 2060 1026 2102; x_wconf 88' lang='lat' dir='ltr'><strong>Triclinii</strong></span> <span class='ocrx_word' id='word_1_182' title='bbox 1055 2061 1321 2118; x_wconf 84' lang='lat' dir='ltr'><strong>interpolatio</strong></span> <span class='ocrx_word' id='word_1_183' title='bbox 1348 2072 1410 2104; x_wconf 89' lang='lat' dir='ltr'><strong>est</strong></span> <span class='ocrx_word' id='word_1_184' title='bbox 1430 2061 1497 2103; x_wconf 86' lang='lat' dir='ltr'><strong>hic</strong></span> <span class='ocrx_word' id='word_1_185' title='bbox 1525 2070 1566 2103; x_wconf 88' lang='lat' dir='ltr'><strong>et</strong></span> <span class='ocrx_word' id='word_1_186' title='bbox 1595 2062 1640 2102; x_wconf 88' lang='lat' dir='ltr'><strong>in</strong></span> 
     </span>
     <span class='ocr_line' id='line_1_30' title="bbox 161 2127 903 2186; baseline -0.004 -15"><span class='ocrx_word' id='word_1_187' title='bbox 161 2129 428 2186; x_wconf 82' lang='lat' dir='ltr'><strong>antistrophe</strong></span> <span class='ocrx_word' id='word_1_188' title='bbox 447 2129 682 2170; x_wconf 86' lang='lat' dir='ltr'><strong>trimetrum</strong></span> <span class='ocrx_word' id='word_1_189' title='bbox 703 2127 903 2169; x_wconf 84' lang='lat' dir='ltr'><strong>facientis.</strong></span> 
     </span>
    </p>

    <p class='ocr_par' dir='ltr' id='par_1_18' title="bbox 164 2195 1642 2322">
     <span class='ocr_line' id='line_1_31' title="bbox 225 2195 1642 2253; baseline -0.001 -14"><span class='ocrx_word' id='word_1_190' title='bbox 225 2207 321 2252; x_wconf 88' lang='lat'><strong>740.</strong></span> <span class='ocrx_word' id='word_1_191' title='bbox 352 2198 509 2238; x_wconf 86' lang='lat' dir='ltr'><strong>Versus</strong></span> <span class='ocrx_word' id='word_1_192' title='bbox 538 2211 589 2237; x_wconf 82' lang='lat' dir='ltr'><strong>ex</strong></span> <span class='ocrx_word' id='word_1_193' title='bbox 625 2196 806 2238; x_wconf 86' lang='lat' dir='ltr'><strong>baccheo</strong></span> <span class='ocrx_word' id='word_1_194' title='bbox 836 2195 1080 2253; x_wconf 89' lang='lat' dir='ltr'><strong>duplicique</strong></span> <span class='ocrx_word' id='word_1_195' title='bbox 1106 2196 1433 2253; x_wconf 88' lang='lat' dir='ltr'><strong>penthemimere</strong></span> <span class='ocrx_word' id='word_1_196' title='bbox 1464 2196 1642 2239; x_wconf 87' lang='lat' dir='ltr'><strong>iambico</strong></span> 
     </span>
     <span class='ocr_line' id='line_1_32' title="bbox 164 2265 430 2322; baseline -0.008 -14"><span class='ocrx_word' id='word_1_197' title='bbox 164 2265 430 2322; x_wconf 84' lang='lat' dir='ltr'><strong>compositus.</strong></span> 
     </span>
    </p>

    <p class='ocr_par' dir='ltr' id='par_1_19' title="bbox 165 2330 1643 2580">
     <span class='ocr_line' id='line_1_33' title="bbox 224 2330 1639 2389; baseline -0.001 -14"><span class='ocrx_word' id='word_1_198' title='bbox 224 2335 410 2388; x_wconf 88' lang='grc' dir='ltr'>φρόνημα</span> <span class='ocrx_word' id='word_1_199' title='bbox 428 2334 503 2386; x_wconf 76' lang='grc' dir='ltr'><strong>μὲν</strong></span> <span class='ocrx_word' id='word_1_200' title='bbox 523 2331 694 2384; x_wconf 89' lang='grc' dir='ltr'>νηνέμου</span> <span class='ocrx_word' id='word_1_201' title='bbox 713 2330 914 2387; x_wconf 85' lang='grc' dir='ltr'>γαλάνας]</span> <span class='ocrx_word' id='word_1_202' title='bbox 934 2331 1018 2373; x_wconf 91' lang='lat' dir='ltr'><strong>His</strong></span> <span class='ocrx_word' id='word_1_203' title='bbox 1033 2331 1169 2373; x_wconf 89' lang='lat' dir='ltr'><strong>verbis</strong></span> <span class='ocrx_word' id='word_1_204' title='bbox 1185 2331 1442 2389; x_wconf 79' lang='lat' dir='ltr'><strong>significatur</strong></span> <span class='ocrx_word' id='word_1_205' title='bbox 1459 2333 1639 2384; x_wconf 90' lang='lat' dir='ltr'><strong>Helena,</strong></span> 
     </span>
     <span class='ocr_line' id='line_1_34' title="bbox 165 2399 1643 2458; baseline -0.001 -15"><span class='ocrx_word' id='word_1_206' title='bbox 165 2402 284 2458; x_wconf 90' lang='lat' dir='ltr'><strong>quod</strong></span> <span class='ocrx_word' id='word_1_207' title='bbox 312 2401 484 2442; x_wconf 87' lang='lat' dir='ltr'><strong>haberet</strong></span> <span class='ocrx_word' id='word_1_208' title='bbox 513 2400 699 2441; x_wconf 88' lang='lat' dir='ltr'><strong>animum</strong></span> <span class='ocrx_word' id='word_1_209' title='bbox 731 2399 962 2456; x_wconf 86' lang='lat' dir='ltr'><strong>placidum,</strong></span> <span class='ocrx_word' id='word_1_210' title='bbox 990 2409 1032 2441; x_wconf 89' lang='lat' dir='ltr'><strong>et</strong></span> <span class='ocrx_word' id='word_1_211' title='bbox 1063 2399 1188 2440; x_wconf 87' lang='lat' dir='ltr'><strong>maris</strong></span> <span class='ocrx_word' id='word_1_212' title='bbox 1214 2400 1505 2457; x_wconf 86' lang='lat' dir='ltr'><strong>tranquillitati</strong></span> <span class='ocrx_word' id='word_1_213' title='bbox 1533 2401 1643 2442; x_wconf 87' lang='lat' dir='ltr'><strong>simi-</strong></span> 
     </span>
     <span class='ocr_line' id='line_1_35' title="bbox 167 2467 1639 2526; baseline 0 -15"><span class='ocrx_word' id='word_1_214' title='bbox 167 2470 264 2518; x_wconf 91' lang='lat' dir='ltr'><strong>lem,</strong></span> <span class='ocrx_word' id='word_1_215' title='bbox 289 2470 399 2511; x_wconf 89' lang='lat' dir='ltr'><strong>unde</strong></span> <span class='ocrx_word' id='word_1_216' title='bbox 428 2483 551 2510; x_wconf 89' lang='lat' dir='ltr'><strong>nemo</strong></span> <span class='ocrx_word' id='word_1_217' title='bbox 571 2477 633 2510; x_wconf 89' lang='lat' dir='ltr'><strong>tot</strong></span> <span class='ocrx_word' id='word_1_218' title='bbox 652 2467 761 2509; x_wconf 87' lang='lat' dir='ltr'><strong>mala</strong></span> <span class='ocrx_word' id='word_1_219' title='bbox 782 2468 980 2525; x_wconf 85' lang='lat' dir='ltr'><strong>Trojanis</strong></span> <span class='ocrx_word' id='word_1_220' title='bbox 999 2468 1280 2525; x_wconf 85' lang='lat' dir='ltr'><strong>exspectanda</strong></span> <span class='ocrx_word' id='word_1_221' title='bbox 1299 2485 1386 2510; x_wconf 84' lang='lat' dir='ltr'><strong>esse</strong></span> <span class='ocrx_word' id='word_1_222' title='bbox 1414 2469 1639 2526; x_wconf 88' lang='lat' dir='ltr'><strong>cogitabat.</strong></span> 
     </span>
     <span class='ocr_line' id='line_1_36' title="bbox 170 2538 305 2580; baseline -0.015 0"><span class='ocrx_word' id='word_1_223' title='bbox 170 2538 305 2580; x_wconf 85' lang='lat' dir='ltr'><strong>SCH.</strong></span> 
     </span>
    </p>

    <p class='ocr_par' dir='ltr' id='par_1_20' title="bbox 227 2603 811 2659">
     <span class='ocr_line' id='line_1_37' title="bbox 227 2603 811 2659; baseline -0.003 -13"><span class='ocrx_word' id='word_1_224' title='bbox 227 2616 326 2659; x_wconf 89' lang='lat'>741.</span> <span class='ocrx_word' id='word_1_225' title='bbox 348 2603 379 2646; x_wconf 87' lang='grc' dir='ltr'><strong>δ’</strong></span> <span class='ocrx_word' id='word_1_226' title='bbox 400 2603 564 2645; x_wconf 87' lang='lat' dir='ltr'><strong>addidit</strong></span> <span class='ocrx_word' id='word_1_227' title='bbox 584 2604 811 2644; x_wconf 89' lang='lat' dir='ltr'><strong>Porsonus.</strong></span> 
     </span>
    </p>

    <p class='ocr_par' dir='ltr' id='par_1_21' title="bbox 169 2669 1648 2928">
     <span class='ocr_line' id='line_1_38' title="bbox 227 2669 1643 2727; baseline -0.001 -12"><span class='ocrx_word' id='word_1_228' title='bbox 227 2674 391 2727; x_wconf 81' lang='grc' dir='ltr'>ἄγαλμα</span> <span class='ocrx_word' id='word_1_229' title='bbox 419 2671 613 2725; x_wconf 88' lang='grc' dir='ltr'>πλούτου]</span> <span class='ocrx_word' id='word_1_230' title='bbox 648 2671 767 2711; x_wconf 88' lang='lat' dir='ltr'><strong>Paris</strong></span> <span class='ocrx_word' id='word_1_231' title='bbox 796 2669 905 2711; x_wconf 88' lang='lat' dir='ltr'><strong>enim</strong></span> <span class='ocrx_word' id='word_1_232' title='bbox 936 2684 1066 2724; x_wconf 92' lang='lat' dir='ltr'><strong>opum</strong></span> <span class='ocrx_word' id='word_1_233' title='bbox 1097 2685 1267 2712; x_wconf 88' lang='lat' dir='ltr'><strong>suarum</strong></span> <span class='ocrx_word' id='word_1_234' title='bbox 1290 2687 1499 2713; x_wconf 86' lang='lat' dir='ltr'><strong>summum</strong></span> <span class='ocrx_word' id='word_1_235' title='bbox 1522 2687 1643 2714; x_wconf 89' lang='lat' dir='ltr'><strong>orna-</strong></span> 
     </span>
     <span class='ocr_line' id='line_1_39' title="bbox 170 2738 1646 2795; baseline -0.001 -12"><span class='ocrx_word' id='word_1_236' title='bbox 170 2750 359 2783; x_wconf 87' lang='lat' dir='ltr'><strong>mentum</strong></span> <span class='ocrx_word' id='word_1_237' title='bbox 418 2738 783 2795; x_wconf 87' lang='lat' dir='ltr'><strong>interpretabatur,</strong></span> <span class='ocrx_word' id='word_1_238' title='bbox 835 2752 1009 2778; x_wconf 89' lang='lat' dir='ltr'><strong>uxorem</strong></span> <span class='ocrx_word' id='word_1_239' title='bbox 1069 2738 1256 2778; x_wconf 89' lang='lat' dir='ltr'><strong>omnium</strong></span> <span class='ocrx_word' id='word_1_240' title='bbox 1308 2739 1646 2781; x_wconf 85' lang='lat' dir='ltr'><strong>formosissimam</strong></span> 
     </span>
     <span class='ocr_line' id='line_1_40' title="bbox 169 2804 1648 2864; baseline -0.001 -13"><span class='ocrx_word' id='word_1_241' title='bbox 169 2808 353 2851; x_wconf 85' lang='lat' dir='ltr'><strong>duxisse.</strong></span> <span class='ocrx_word' id='word_1_242' title='bbox 404 2808 624 2848; x_wconf 85' lang='grc' dir='ltr'>ἇκασκαῖον</span> <span class='ocrx_word' id='word_1_243' title='bbox 662 2806 715 2846; x_wconf 86' lang='lat' dir='ltr'><strong>ad</strong></span> <span class='ocrx_word' id='word_1_244' title='bbox 751 2804 964 2845; x_wconf 85' lang='lat' dir='ltr'><strong>mollitiem</strong></span> <span class='ocrx_word' id='word_1_245' title='bbox 1007 2805 1186 2846; x_wconf 88' lang='lat' dir='ltr'><strong>Helenae</strong></span> <span class='ocrx_word' id='word_1_246' title='bbox 1234 2816 1405 2862; x_wconf 86' lang='lat' dir='ltr'><strong>spectat.</strong></span> <span class='ocrx_word' id='word_1_247' title='bbox 1457 2807 1648 2864; x_wconf 89' lang='lat' dir='ltr'><strong>Hesych.</strong></span> 
     </span>
     <span class='ocr_line' id='line_1_41' title="bbox 169 2871 1161 2928; baseline -0.006 -9"><span class='ocrx_word' id='word_1_248' title='bbox 169 2876 362 2927; x_wconf 83' lang='grc' dir='ltr'>Ἀκάσκα,</span> <span class='ocrx_word' id='word_1_249' title='bbox 383 2875 554 2928; x_wconf 83' lang='grc' dir='ltr'>ἡσύχως,</span> <span class='ocrx_word' id='word_1_250' title='bbox 575 2877 775 2925; x_wconf 80' lang='grc' dir='ltr'>μαλακῶς,</span> <span class='ocrx_word' id='word_1_251' title='bbox 797 2871 991 2925; x_wconf 83' lang='grc' dir='ltr'>βραδέως.</span> <span class='ocrx_word' id='word_1_252' title='bbox 1027 2873 1161 2913; x_wconf 91' lang='lat' dir='ltr'><strong>SCH.</strong></span> 
     </span>
    </p>

    <p class='ocr_par' dir='ltr' id='par_1_22' title="bbox 231 2938 1650 2998">
     <span class='ocr_line' id='line_1_42' title="bbox 231 2938 1650 2998; baseline -0.001 -12"><span class='ocrx_word' id='word_1_253' title='bbox 231 2956 327 2998; x_wconf 91' lang='grc'><strong>742.</strong></span> <span class='ocrx_word' id='word_1_254' title='bbox 358 2941 567 2995; x_wconf 82' lang='grc' dir='ltr'>μαλθακὸν</span> <span class='ocrx_word' id='word_1_255' title='bbox 587 2940 773 2992; x_wconf 83' lang='grc' dir='ltr'>ὀμμάτων</span> <span class='ocrx_word' id='word_1_256' title='bbox 792 2939 939 2996; x_wconf 87' lang='grc' dir='ltr'>βέλος]</span> <span class='ocrx_word' id='word_1_257' title='bbox 963 2938 1075 2990; x_wconf 83' lang='lat' dir='ltr'><strong>Quia</strong></span> <span class='ocrx_word' id='word_1_258' title='bbox 1095 2938 1262 2982; x_wconf 84' lang='lat' dir='ltr'><strong>Helena</strong></span> <span class='ocrx_word' id='word_1_259' title='bbox 1281 2955 1441 2992; x_wconf 88' lang='lat' dir='ltr'><strong>omnes,</strong></span> <span class='ocrx_word' id='word_1_260' title='bbox 1462 2941 1536 2998; x_wconf 89' lang='lat' dir='ltr'><strong>qui</strong></span> <span class='ocrx_word' id='word_1_261' title='bbox 1557 2957 1650 2984; x_wconf 88' lang='lat' dir='ltr'><strong>eam</strong></span> 
     </span>
    </p>

    <p class='ocr_par' dir='ltr' id='par_1_23' title="bbox 844 3019 968 3062">
     <span class='ocr_line' id='line_1_43' title="bbox 844 3019 968 3062; baseline 0.008 -15"><span class='ocrx_word' id='word_1_262' title='bbox 844 3019 868 3062; x_wconf 88' lang='grc'><strong>3</strong></span> <span class='ocrx_word' id='word_1_263' title='bbox 895 3021 918 3047; x_wconf 78' lang='grc' dir='ltr'>Β</span> <span class='ocrx_word' id='word_1_264' title='bbox 945 3019 968 3048; x_wconf 89' lang='grc'><strong>2</strong></span> 
     </span>
    </p>
   </div>
  </div>
 </body>
</html>
