1962 3224
659 173 749 214 AD
782 171 1226 214 CHOEPHORAS.
1596 169 1679 212 475

267 285 316 324 61
330 297 365 325 1.
389 283 626 338 σύμμετρον]
655 283 785 324 Scrib.
807 283 1035 335 ξύμμετρον.

267 351 346 393 διαὶ
366 352 582 393 Canterus.
614 353 677 393 διὰ
698 351 803 393 libri.

267 421 365 462 612.
386 419 669 472 μοιρόκραντον
689 419 746 474 ἐς]
766 421 1050 472 μοιρόκραντον
1070 417 1100 460 δ’
1120 420 1162 461 ἐς
1184 418 1249 458 Μ.
1269 416 1416 473 Steph.
1442 418 1673 470 μοιρόκραν-

210 486 308 529 τοέδ’
330 489 371 531 ἐς
390 487 492 540 ἦμαρ
513 486 614 529 Ald.
658 488 918 541 μοιρόκρατον
938 486 970 528 δ’
994 488 1034 531 ἐς
1062 486 1165 539 ἦμαρ
1186 484 1297 527 Rob.
1343 485 1603 538 μοιρόκρατον
1634 486 1675 528 ἐς

207 554 310 608 ἦμαρ
331 556 467 597 Turn.

263 624 385 678 ἦμαρ]
412 623 685 665 Scribendum
707 624 825 677 ἆμαρ.

264 693 360 746 613.
383 692 515 733 ἄλλαν
535 691 748 733 Pauwius.
779 692 888 733 ἀλλὰ
907 690 1016 732 libri.

264 762 328 801 δεῖ
346 761 484 802 Turn.
515 759 562 812 δή
581 759 675 801 libri
695 759 857 816 reliqui.

265 829 362 880 614.
394 828 596 884 Σκύλλαν]
627 829 695 869 De
727 827 879 885 Scylla,
900 828 992 869 Nisi
1014 826 1329 884 Megarensium
1351 826 1459 883 regis
1474 826 1572 877 filia,
1592 825 1671 867 du-

209 893 306 951 plex
337 904 397 936 est
427 895 663 937 fabularum
687 896 821 938 series.
871 896 960 937 Alii
993 911 1223 946 narravere,
1245 909 1339 936 cum
1369 894 1514 935 Minos
1535 895 1674 936 Cretae

208 978 283 1004 rex
314 964 491 1019 Megara
522 963 666 1005 urbem
697 963 918 1014 obsideret,
942 963 1122 1020 Scyllam
1153 978 1178 1004 a
1209 963 1355 1004 Minoe
1385 978 1512 1004 aureo
1532 961 1676 1004 monili

208 1041 462 1087 corruptam,
496 1031 598 1072 Niso
628 1031 737 1087 patri
766 1030 961 1088 capillum
991 1030 1226 1081 abscidisse,
1256 1046 1282 1072 a
1306 1031 1428 1087 cujus
1455 1046 1673 1072 conserva-

210 1098 320 1140 tione
350 1098 435 1140 vita
463 1099 554 1155 ejus
582 1108 687 1140 esset
717 1114 930 1155 suspensa.
993 1099 1059 1140 Sic
1077 1098 1363 1155 Apollodorus
1383 1113 1427 1155 3,
1452 1110 1516 1154 15,
1541 1100 1580 1141 8.
1601 1098 1676 1155 qui

209 1176 348 1207 tamen
388 1166 487 1209 doni
520 1166 631 1208 illius
667 1167 916 1209 mentionem
953 1167 1066 1208 haud
1106 1168 1218 1209 facit.
1271 1167 1376 1218 Alii,
1414 1176 1462 1209 ut
1497 1166 1676 1208 Ovidius

211 1234 494 1291 Metamorph.
526 1235 552 1275 l.
576 1235 616 1276 8.
647 1243 689 1276 et
720 1234 917 1291 Virgilius
946 1234 988 1276 in
1021 1234 1123 1286 Ciri,
1153 1250 1293 1276 amore
1321 1235 1482 1276 Minois
1510 1244 1675 1292 captam

209 1301 336 1343 fuisse
368 1301 546 1359 Scyllam
578 1302 813 1359 perhibent,
835 1318 1098 1360 purpureum
1128 1303 1171 1343 in
1193 1303 1287 1344 Nisi
1306 1303 1457 1345 vertice
1476 1303 1673 1360 capillum

211 1369 305 1411 urbi
324 1378 366 1412 et
385 1385 515 1427 regno
534 1370 699 1412 fatalem
722 1371 862 1421 fuisse,
885 1371 990 1412 adeo
1012 1380 1059 1412 ut
1081 1372 1260 1427 Megara
1279 1371 1371 1428 capi
1391 1386 1474 1413 non
1490 1381 1673 1428 possent,

207 1437 412 1494 quamdiu
442 1437 510 1479 ille
539 1437 756 1480 incolumis
787 1448 984 1480 maneret.
1045 1440 1178 1480 Hunc
1203 1438 1332 1495 igitur
1351 1439 1547 1496 capillum
1567 1440 1674 1482 clam

206 1521 234 1546 a
252 1505 380 1562 patris
398 1507 533 1563 capite
561 1506 786 1548 abscissum
810 1505 988 1563 Scyllam
1018 1505 1156 1548 Minoi
1186 1506 1414 1550 tradidisse.
1463 1508 1548 1550 Cir.
1574 1522 1668 1553 220.

207 1589 299 1631 sqq.

322 1660 442 1701 Nam
456 1661 592 1717 capite
610 1675 638 1701 a
657 1675 818 1703 summo
838 1661 970 1716 regis,
991 1660 1184 1702 mirabile
1202 1660 1331 1713 dictu,

323 1729 520 1770 Candida
539 1729 969 1785 caesaries,fhrebant
989 1734 1176 1784 tempora
1195 1729 1335 1780 lauro,

322 1795 380 1837 At
399 1810 542 1838 roseus
561 1797 692 1838 medio
693 1797 903 1853 fulgebat
922 1797 1074 1837 vertice
1092 1796 1240 1846 crinis,

325 1864 462 1919 Cujus
480 1878 605 1920 quam
624 1870 794 1905 servata
813 1864 890 1905 diu
909 1870 1070 1904 natura
1070 1864 1241 1919 fuisset

329 1932 437 1972 Tam
451 1933 644 1988 patriam
663 1932 908 1972 incolumem
928 1932 1034 1972 Nisi
1054 1944 1316 1987 regnumque
1317 1931 1535 1985 futurum

326 1999 558 2042 Concordes
576 1999 967 2055 stabilifirmarunt
986 2001 1159 2041 numine
1180 2000 1344 2040 Parcae.

211 2114 344 2155 SCH.
406 2112 611 2154 Fabulam
632 2111 751 2154 aliter
778 2122 947 2154 narrant.
967 2111 1167 2169 Virgilius
1188 2112 1276 2154 Cir.
1296 2126 1391 2168 130.
1413 2112 1540 2154 Ovid.
1566 2113 1675 2155 Met.

211 2181 251 2230 8,
274 2193 343 2236 90.
364 2195 388 2222 a
410 2179 592 2222 Stanleio
613 2179 784 2222 laudati.
844 2181 1030 2222 Mortem
1053 2180 1204 2237 Scyllae
1223 2190 1364 2222 narrat
1385 2181 1613 2223 Pausanias
1636 2195 1674 2233 2,

206 2262 277 2305 34.
326 2250 480 2290 Totam
502 2248 608 2290 hanc
627 2248 813 2290 fabulam
841 2248 1079 2305 rejiciebant
1101 2250 1387 2306 Megarenses,
1408 2258 1511 2291 teste
1529 2249 1676 2291 eodem

215 2330 250 2368 1,
265 2331 334 2373 39.
366 2316 450 2358 vid.
482 2318 622 2373 Heyn.
653 2316 707 2358 ad
736 2316 985 2373 Apollodor.
1013 2332 1054 2373 p.
1076 2328 1173 2373 345.
1207 2319 1260 2358 F.
1289 2316 1436 2359 Ursin.
1470 2317 1524 2358 ad
1555 2317 1672 2374 Virg.

208 2384 302 2426 Ecl.
334 2386 373 2435 6,
395 2397 465 2437 74.
517 2384 667 2441 Scyllae
697 2384 966 2441 parricidium
998 2400 1093 2426 cum
1125 2384 1307 2427 facinore
1340 2384 1675 2441 Clytaemnestrae

207 2451 462 2508 comparavit
481 2453 726 2509 Propertius
742 2466 785 2508 3,
803 2463 871 2507 17,
893 2467 959 2508 19.
981 2454 1144 2500 Quidve
1167 2454 1514 2509 Clytaemnestrae,
1539 2468 1671 2510 prop-

208 2526 272 2560 ter
300 2534 423 2576 quam
454 2525 539 2560 tota
558 2520 753 2576 Mycenis
779 2521 965 2576 Infamia
994 2527 1143 2577 stupro
1170 2527 1256 2562 stat
1286 2521 1465 2576 Pelopea
1495 2520 1641 2561 domus
1654 2522 1675 2561 {2³

214 2587 361 2644 Tuque
380 2601 404 2628 o
422 2587 574 2628 Minoa
590 2587 859 2637 venumdata,
876 2588 1220 2644 Scyllchfigura,
1246 2588 1442 2629 Tondens
1448 2601 1675 2643 purpurea

208 2669 348 2711 regna
363 2659 545 2711 paterna
563 2668 693 2695 coma.
724 2654 957 2695 BLOMF.

267 2724 365 2777 615.
386 2723 484 2774 ὕπερ
506 2722 730 2763 Porsonus.
764 2722 857 2762 ὑπαί
872 2720 982 2762 libri.

267 2791 363 2831 618.
384 2789 589 2841 πιθήσασα
607 2789 876 2831 Abreschius.
908 2789 1135 2841 πειθῆσασα
1155 2788 1264 2831 libri.

267 2859 363 2913 619.
387 2859 536 2913 Νῖσον]
564 2859 694 2900 Νίσον
713 2856 819 2898 libri.
852 2860 984 2898 Νῖσον
1004 2859 1228 2911 Δουλιχιῆα
1250 2857 1425 2898 Homer.
1447 2856 1599 2915 Odyss.
1621 2862 1671 2910 Σ,

213 2927 307 2969 126.
342 2926 575 2967 BLOMF.
1752 2927 1755 2931 '

884 3007 1004 3049 302
