1962 3224
362 183 447 230 496
837 182 1328 225 ANNOTATIONES

363 295 404 338 ἐς
447 293 547 335 Ald.
585 293 696 335 Rob.
737 294 874 335 Turn.
923 294 1254 346 δειμαστοσταγὲς
1301 291 1439 334 Guelf.
1499 294 1798 346 δειματοσταγὲς

364 360 506 416 Steph.

421 428 515 479 844.
550 426 770 481 βλέποντα]
807 427 952 476 Clara,
987 425 1090 467 sicut
1123 439 1228 467 caeca
1261 439 1338 482 pro
1374 424 1555 467 obscuris
1589 424 1796 466 dicuntur.

361 495 493 536 SCH.

418 561 513 615 845.
544 561 833 613 δειματούμενοι
856 561 969 613 λόγοι
990 559 1182 601 dicuntur
1211 572 1287 614 pro
1311 558 1426 611 λόγοι
1450 557 1525 598 ὑπὸ
1545 556 1794 609 δειματουμέ·

360 643 438 668 νων
475 626 698 680 λεχθέντες.
759 626 825 668 Sic
863 626 999 667 malim
1039 623 1308 681 interpretari,
1343 638 1467 680 quam
1506 634 1662 665 vertere
1699 638 1793 664 cum

360 694 603 744 Abreschio‚
623 708 805 736 rumores
825 695 880 735 ad
897 701 1094 736 terrorem
1118 692 1302 747 conficti:
1332 690 1471 731 confer
1499 699 1650 732 notata.
1711 690 1792 731 Sed

358 762 446 802 fieri
461 770 595 818 potest
615 770 662 802 ut
681 763 970 814 δειματούμενοι
989 761 1070 801 vim
1092 773 1206 800 suam
1227 767 1374 808 servet,
1395 759 1539 798 timore
1551 758 1676 814 pleni,
1698 772 1791 798 nam

360 829 546 880 δειματόω
577 827 741 883 proprie
775 837 835 868 est
866 829 1051 868 timorem
1087 829 1245 883 injicio,
1281 835 1328 867 ut
1358 827 1537 878 ὀμματόω
1566 836 1626 867 est
1659 827 1794 867 oculos

358 895 495 935 insero
518 895 652 948 (841.)
676 898 786 946 δεῖμα
813 910 909 935 vero
934 909 1016 936 non
1045 904 1106 936 est
1134 895 1270 943 timor,
1301 892 1371 934 sed
1396 893 1443 933 id
1466 893 1573 948 quod
1597 895 1792 934 terrorem

359 961 520 1002 incutit.
552 962 782 1003 BLOMF.
832 962 1140 1014 δειματουμένων
1161 959 1377 1003 Stanleius.

418 1028 652 1083 848—850.
682 1028 877 1084 AEgistho
906 1029 1118 1070 continuat
1149 1028 1269 1070 Ald.:
1302 1026 1450 1069 nutrici
1480 1025 1624 1068 tribuit
1649 1025 1795 1068 Porso-

359 1109 452 1144 nus,
475 1094 621 1136 nuntio
642 1096 777 1136 Turn.
800 1095 959 1152 Steph.,
981 1096 1104 1137 choro
1124 1105 1231 1137 recte
1251 1095 1361 1136 Rob.

417 1162 510 1217 849.
534 1162 628 1217 ἔσω]
650 1163 824 1204 Praestat
845 1165 953 1213 εἵσω,
973 1163 1085 1219 quod
1106 1163 1265 1220 scripsit
1286 1161 1564 1204 Blomfieldus.

417 1229 514 1284 850.
536 1230 655 1271 αὐτὸν
675 1230 898 1271 Porsonus.
931 1231 1043 1274 αὐτὸς
1060 1230 1167 1272 libri.

415 1297 540 1337 αὐτῶν
562 1297 696 1337 Turn.
721 1297 864 1352 Steph.
895 1296 1013 1338 αὐτὸν
1031 1297 1122 1338 libri
1142 1296 1300 1353 reliqui.

414 1364 636 1407 οὐδὲν-ὡς
669 1364 787 1405 αὐτὸν
818 1382 851 1405 κ.
878 1382 912 1405 τ.
938 1366 998 1419 λ.]
1035 1365 1160 1406 Nihil
1190 1371 1250 1407 est
1280 1366 1525 1406 nuntiorum
1557 1365 1792 1416 auctoritas,

354 1437 494 1488 praeut
512 1433 646 1488 ipsum
661 1433 938 1488 interrogare.
980 1432 1109 1473 Plena
1129 1433 1376 1474 constructio
1396 1441 1512 1483 esset,
1533 1432 1655 1475 οὐδεὶς
1674 1433 1793 1485 ἄγγε-

357 1503 429 1541 λος
449 1500 568 1541 οὕτως
587 1499 731 1549 σθένει,
754 1499 804 1542 ὡς
834 1498 952 1540 αὐτὸν
974 1499 1095 1551 ἄνδρα
1121 1500 1334 1540 πεύθεσθαι
1362 1499 1450 1551 περὶ
1469 1498 1604 1539 αὐτῶν.
1664 1499 1793 1539 Recte

358 1565 483 1607 schol.
511 1566 556 1607 οὐ
584 1569 772 1607 τοσοῦτον
799 1567 926 1620 ἰσχύει
956 1568 1079 1607 εἰπεῖν
1106 1566 1276 1619 ἄγγελος
1306 1566 1355 1609 ὡς
1384 1566 1583 1616 αὐτόπτης.
1645 1564 1793 1606 Similis

355 1633 441 1674 fere
470 1633 573 1675 ratio
591 1643 651 1674 est
671 1633 884 1674 locutionis
904 1634 1018 1674 οὐδὲν
1047 1633 1131 1674 οἷόν
1161 1631 1239 1674 ἐστ’
1261 1633 1424 1673 ἀκοῦσαι
1452 1635 1528 1673 τῶν
1558 1633 1672 1679 ἐπῶν,
1695 1631 1792 1672 Ari-

358 1700 494 1757 stoph.
524 1702 610 1742 Av.
633 1702 728 1755 967.
777 1700 898 1742 Plato
929 1700 1058 1755 Gorg.
1089 1715 1130 1755 p.
1150 1713 1190 1754 5.
1210 1699 1274 1740 ed.
1305 1699 1460 1740 Heind.
1492 1699 1688 1750 βούλομαι
1716 1700 1791 1751 γὰρ

358 1768 550 1810 πυθέσθαι
578 1768 666 1821 παρ’
689 1769 818 1816 αὐτοῦ,
839 1769 897 1811 τίς
924 1768 948 1819 ἡ
975 1768 1131 1818 δύναμις
1160 1770 1226 1817 τῆς
1255 1765 1393 1819 τέχνης
1419 1769 1486 1806 τοῦ
1506 1765 1645 1818 ἀνδρὸς
1675 1766 1736 1806 καὶ
1755 1767 1796 1806 τί

359 1837 484 1886 ἐστιν,
518 1835 539 1876 ὃ
575 1836 868 1889 ἐπαγγέλλεταί
901 1852 944 1876 τε
983 1835 1044 1875 καὶ
1078 1833 1424 1874 διδάσκει-ΚΑΛ.
1461 1833 1589 1873 Οὐδὲν
1626 1833 1709 1873 οῖον
1747 1832 1791 1872 τὸ

360 1902 477 1944 αὐτὸν
507 1903 665 1955 ἐρωτᾶν,
688 1901 717 1943 ὦ
747 1903 960 1955 Σώκρατες.
990 1910 1031 1942 et
1051 1900 1105 1941 sic
1131 1899 1250 1941 alibi:
1282 1898 1363 1939 vid.
1387 1898 1590 1940 Matthiae.
1614 1899 1690 1940 Gr.
1714 1899 1790 1940 Gr.

360 1972 397 2025 ξ.
419 1980 516 2024 541.
536 1979 620 2010 not.
672 1969 835 2011 Citatur
863 1967 1091 2009 Abrescbio
1119 1966 1307 2023 Sophocl.
1329 1966 1431 2007 OEd.
1454 1966 1508 2006 T.
1532 1975 1570 2018 7.
1590 1964 1708 2019 εἈγὼ
1738 1970 1791 2007 δι-

358 2040 476 2077 καιῶν
489 2036 541 2088 μὴ
557 2035 644 2090 παρ’
662 2035 856 2089 ἀγγέλων,
877 2034 1007 2083 τέκνα,
1023 2033 1187 2076 Ἀλλων
1206 2035 1372 2081 ἀκούειν,
1393 2034 1507 2077 αὐτὸς
1524 2033 1585 2074 ὧδ’
1608 2034 1791 2086 ἐλήλυθα.

357 2103 588 2145 BLOMF.

413 2171 510 2225 852.
529 2170 594 2225 ἦν]
614 2170 684 2222 ἦεν
703 2170 844 2212 Guelf.
864 2169 967 2211 Ald.
989 2169 1096 2210 Rob.

413 2238 510 2291 854.
532 2236 643 2290 φρέν’
665 2235 714 2277 ἂν
736 2235 957 2277 Elmsleius
975 2235 1026 2276 ad
1048 2235 1199 2291 Eurip.
1221 2234 1339 2276 Med.
1360 2236 1457 2287 416.
1492 2234 1618 2288 φρένα
1637 2234 1743 2276 libri.

413 2304 601 2357 κλέψειεν
623 2303 856 2359 Stephanus
871 2312 912 2343 et
932 2302 1163 2343 Elmsleius.
1197 2302 1389 2355 κλέψειαν
1408 2301 1513 2342 libri.

413 2369 714 2424 ὠμματωμένην]
743 2369 1043 2421 ὠμματουμένην
1063 2369 1174 2409 Rob.
1198 2368 1344 2424 Suppl.
1369 2369 1488 2422 1463.
1509 2371 1681 2419 ξυνῆκας’
1711 2368 1788 2420 ὤμ-

353 2437 514 2489 μάτωσα
532 2439 608 2491 γὰρ
628 2436 889 2489 σαφέστερον.
936 2435 1139 2477 Stanleius
1167 2435 1324 2477 confert
1354 2435 1474 2476 Ovid.
1503 2435 1609 2476 Met.
1636 2445 1698 2489 15,
1721 2437 1788 2490 63.

355 2506 501 2547 Mente
519 2506 633 2546 Deos
652 2504 758 2546 adiit
774 2520 788 2550 ,⁰
820 2509 872 2555 et,
890 2504 998 2560 quod
1015 2509 1171 2546 natura
1190 2503 1370 2559 negabat
1396 2502 1555 2543 Visibus
1583 2502 1790 2553 humanis,

352 2572 480 2613 oculis
498 2586 547 2613 ea
565 2573 745 2628 pectoris
763 2570 916 2613 hausit.
965 2570 1218 2612 Abreschius
1237 2570 1334 2611 citat
1353 2568 1663 2625 Epicharmum‚
1684 2573 1791 2612 Νοῦς

353 2640 442 2692 ὁρᾷ,
461 2638 524 2679 καὶ
543 2641 631 2681 νοῦς
657 2639 799 2689 ἀκούει,
819 2639 948 2679 τᾶλλα
978 2640 1090 2691 κωφὰ
1121 2638 1183 2679 καὶ
1210 2637 1354 2691 τυφλά.
1403 2636 1550 2693 Eurip.
1576 2636 1673 2677 Hel.
1697 2650 1790 2680 120.

353 2705 476 2749 Αὐτὸς
489 2708 565 2759 γὰρ
585 2707 724 2749 ὄσσοις
743 2707 912 2758 εἰδόμην,
932 2706 994 2747 καὶ
1014 2708 1104 2749 νοῦς
1124 2707 1208 2760 ὁρᾷ.
1238 2704 1378 2760 Adjici
1398 2712 1533 2760 potest
1550 2704 1676 2744 Eum.
1698 2717 1789 2756 104.

353 2773 534 2814 Εὔδουσα
557 2774 633 2826 γὰρ
653 2772 757 2825 φρὴν
784 2774 955 2825 ὄμμασιν
979 2773 1259 2825 λαμπρύνεται.
1321 2771 1400 2812 Sed
1429 2771 1518 2812 haec
1548 2785 1629 2811 non
1656 2771 1790 2827 expri-

351 2847 472 2880 munt
492 2838 779 2891 ὠμματωμένην
798 2839 941 2892 φρένα,
961 2845 1131 2881 mentem
1147 2840 1435 2896 perspicacem.
1467 2838 1695 2879 BLOMF.

409 2906 504 2961 856.
538 2905 805 2955 κᾶπιθοάζουσ’
840 2907 976 2949 Turn.
1020 2906 1293 2957 κᾶπιθοάζωσα
1321 2904 1426 2947 Ald.
1473 2903 1565 2960 κᾷπι
1595 2903 1786 2953 θοάζουσα
