1962 3224
373 190 460 230 534
847 194 1339 236 ANNOTATIONES

432 311 526 353 123.
567 300 693 353 ὠγμός
724 301 833 343 Rob.
872 303 1015 359 Steph.
1055 306 1210 357 μωγμός
1241 305 1302 346 Μ.
1345 306 1493 356 μυγμός
1528 303 1668 345 Guelf.
1704 303 1804 344 Ald.

374 366 506 406 Turn.

433 445 523 484 124.
544 433 662 482 ὤζεις,
683 435 917 490 ὑπνώσσεις]
939 436 1044 484 ὥζεις
1062 437 1309 478 ὑπνώσσουσ“’
1330 437 1572 478 Muellerus.

428 498 511 552 οὐκ]
534 499 600 539 κού
622 500 679 540 Τ.

428 564 657 619 ἀναστήσει]
679 565 882 622 ἀναστήσῃ
901 563 1010 607 libri.

433 641 525 683 125.
563 632 604 670 τί
638 648 701 671 σοι
738 631 952 685 πέπρακται
986 633 1091 684 πλὴν
1125 635 1278 687 τεύχειν
1314 633 1425 688 κακά]
1462 633 1584 674 Conf.
1619 633 1671 674 ad
1707 635 1807 674 Pro-

373 696 499 736 meth.
520 709 591 749 49.

432 774 524 814 127.
557 763 675 814 κύριοι
705 764 923 814 συνωμόται
955 766 1048 817 (scr.
1073 766 1322 819 ξυνωμόται)]
1343 767 1494 820 Agam.
1515 767 1610 819 636.
1641 767 1807 817 ξυνώμο-

372 843 450 867 σαν
468 829 556 879 γᾶρ,
578 829 686 870 ὄντες
707 828 880 881 ἔχθιστοι
903 829 946 869 τὸ
971 831 1073 882 πρὶν,
1095 833 1168 882 πῦρ
1199 831 1262 871 καὶ
1291 831 1487 871 θάλασσα.
1518 846 1641 886 quem
1670 832 1806 872 locum

371 892 622 948 comparavit
643 893 906 935 Wieselerus.

432 971 524 1013 130.
554 959 690 999 Verba
712 969 827 1001 extra
856 970 1030 1002 metrum
1060 961 1204 1017 posita.
1265 963 1421 1012 Quater
1452 963 1667 1019 repetitum
1702 963 1807 1014 λαβέ

370 1024 498 1080 vulgo
517 1026 784 1077 παροξυτόνως
803 1025 999 1081 scriptum
1020 1026 1139 1078 λάβε.

432 1104 523 1145 131.
565 1092 828 1146 κλαγγαίνεις]
869 1092 1102 1145 κλαγγάνεις
1143 1092 1400 1134 scribendum
1443 1109 1528 1135 esse
1569 1094 1726 1136 ostendi
1765 1095 1806 1135 in

375 1156 592 1198 Thesauro
614 1157 822 1213 Stephani.

434 1235 525 1278 134.
557 1222 641 1275 μηδ’
672 1223 869 1277 ἀγνοήσῃς
897 1224 1018 1279 πῆμα]
1046 1227 1152 1276 πῆμα
1179 1225 1355 1266 refertur
1383 1226 1436 1266 ad
1467 1226 1621 1268 Orestis
1649 1226 1805 1282 fugam,

372 1304 468 1344 quae
497 1299 616 1330 antea
646 1305 683 1330 v,
703 1303 794 1344 119.
825 1290 949 1333 πάθος
977 1291 1200 1332 dicebatur.
1258 1293 1365 1332 Eam
1386 1292 1474 1333 vult
1497 1292 1808 1348 Clytaemnestra

374 1355 522 1396 Furias
560 1355 673 1397 haud
711 1356 912 1412 ignorare,
946 1356 1016 1397 sed
1050 1356 1383 1398 animadvertere.
1421 1359 1551 1399 SCH.
1601 1358 1808 1412 ἀγνοήσεις

374 1422 471 1463 Par.

428 1488 704 1544 μαλθαχθεῖσ’]
724 1491 956 1543 μαλαχθεῖσ“
977 1490 1085 1531 Rob.

433 1564 524 1608 135.
546 1556 753 1610 ὀνείδεσιν]
775 1557 997 1597 ὀνείδεσσιν
1018 1557 1081 1596 Μ.
1102 1555 1202 1597 Ald.

431 1621 525 1674 136.
555 1625 634 1663 τοῖς
664 1621 882 1675 σώφροσιν]
905 1622 1078 1662 Cordati
1096 1622 1204 1662 enim
1227 1622 1425 1676 ejusmodi
1451 1623 1684 1677 opprobriis
1713 1628 1805 1663 tan-

369 1699 493 1740 quam
510 1687 688 1727 stimulis
708 1688 961 1742 afficiuntur.
994 1689 1123 1728 SCH.

427 1753 620 1806 γίγνεται]
644 1754 794 1805 γίνεται
816 1752 917 1793 libri.

431 1828 523 1872 137.
545 1819 595 1859 σὺ
614 1818 644 1859 δ’
667 1820 908 1859 Pearsonus.
940 1818 1015 1860 οὐδ’
1038 1819 1143 1860 libri.

431 1887 522 1940 138.
548 1887 893 1941 κατισχναίνουσα]
916 1889 1222 1940 κατισχαίνουσα
1243 1888 1296 1927 Τ.
1318 1887 1420 1927 Ald.

429 1963 521 2005 139.
553 1952 784 2005 διώγμασιν]
819 1952 900 1992 His
929 1952 1046 1993 dictis
1072 1953 1398 2008 Clytaemnestrae
1428 1952 1574 1993 umbra
1602 1966 1653 1992 ex
1681 1952 1807 1993 oculis

369 2027 643 2072 spectatorum
678 2018 892 2068 evanescit,
926 2033 999 2059 nec
1032 2019 1270 2075 evigilantes
1301 2019 1553 2060 Eumenides
1586 2028 1805 2074 exspectat.

370 2083 530 2124 Eodem
553 2084 675 2125 modo
692 2084 888 2140 Polydori
910 2086 1055 2126 umbra
1074 2086 1222 2127 secedit
1243 2086 1421 2126 Hecuba
1439 2084 1676 2126 adveniente
1695 2084 1807 2140 apud

370 2151 627 2207 Euripidem.
661 2153 792 2193 SCH.

432 2232 522 2269 140.
555 2218 690 2272 ἔγειρ’]
714 2220 814 2259 Una
831 2219 1037 2274 *furiarum
1068 2219 1354 2274 expergefacta
1381 2233 1469 2258 eam
1499 2232 1593 2272 quae
1623 2217 1807 2273 proxime

369 2285 630 2334 accubuerat,
649 2284 812 2334 excitat,
833 2294 874 2324 et
894 2284 948 2324 sic
968 2284 1186 2339 deinceps:
1218 2285 1293 2336 ἐγὼ
1314 2283 1357 2324 δέ
1384 2300 1432 2324 σε
1461 2282 1614 2323 dictum
1644 2292 1703 2323 est
1733 2298 1807 2338 pro

369 2352 420 2394 ὡς
441 2351 517 2403 ἐγὼ
537 2352 584 2391 σὲ
602 2350 749 2403 ἤγειρα.
783 2351 912 2391 SCH.

430 2429 522 2468 142.
546 2415 711 2470 ἰδώμεθ’]
734 2416 904 2467 εἷδώμεθ’
927 2417 991 2457 Μ.
1016 2417 1112 2456 Par.
1135 2415 1234 2456 Ald.
1257 2416 1365 2457 Rob.

426 2485 462 2524 εἴ
489 2500 525 2523 τι
555 2486 664 2523 τοῦδε
684 2483 864 2535 φροιμίου
893 2483 1014 2536 ματᾷ]
1046 2483 1268 2523 Videamus
1288 2497 1345 2522 an
1364 2482 1524 2537 aliquid
1542 2495 1593 2522 eoe
1611 2482 1682 2522 hoc
1701 2482 1808 2536 quod

367 2550 484 2590 ‘nobis
515 2550 713 2604 praelusit
745 2550 902 2590 somnio
935 2563 1090 2589 vanum
1122 2550 1189 2589 sit.
1251 2547 1629 2603 Circumspicientes
1661 2547 1807 2588 deinde

368 2615 619 2670 intelligunt,
638 2614 757 2656 nimis
780 2630 902 2656 verax
922 2615 1046 2655 fuisse
1064 2614 1278 2655 somnium.
1311 2615 1441 2654 SCH.

430 2683 949 2737 143—-148=149—154·

429 2751 644 2804 155—161
657 2769 698 2786 =
712 2749 948 2790 162-168,

428 2817 698 2870 169—173=
713 2814 948 2866 174—178.

427 2895 520 2934 144.
540 2882 715 2936 ἧ-ἐγώ]
740 2881 847 2922 Haec
867 2879 1110 2932 παρενθέτως
1128 2878 1334 2921 dicuntur.
1368 2879 1432 2918 SC
1441 2879 1498 2917 H.
