1962 3224
337 180 421 223 470
803 181 1110 223 ANNOTAT
1116 182 1297 223 IONES

334 290 579 332 vocabulum
601 289 699 341 στὺξ
727 300 967 347 usurpatum
996 292 1120 334 fuisse
1139 293 1191 334 de
1220 303 1417 349 serpente,
1438 302 1510 334 aut
1529 291 1694 333 omnino
1712 291 1764 332 de

335 357 498 399 animali
517 357 653 407 noxio,
673 357 891 414 legendum
912 359 1086 401 arbitror
1103 360 1177 401 ὑπὸ
1193 361 1368 413 στύγους.
1399 360 1555 401 Notum
1576 369 1637 400 est
1656 358 1763 399 enim

335 425 477 477 στύγος
495 423 547 464 de
564 438 610 465 re
628 433 700 465 aut
714 438 893 480 persona
911 424 1049 466 odiosa
1067 425 1303 480 frequenter
1320 425 1514 467 adhiberi.
1560 427 1619 467 Et
1639 425 1762 466 schol.

335 489 442 545 expl.
463 493 531 530 τοῦ
546 494 710 542 μισητοῦ
729 492 869 543 θηρίου.
903 493 1031 532 SCH.
1313 503 1316 505 ’

391 567 490 612 534.
520 558 694 614 ὄψανον]
724 560 876 599 Visum.
915 559 1008 611 ὄψις
1038 559 1260 614 Hesychio.
1308 559 1483 601 Videtur
1510 569 1645 600 autem
1675 560 1762 600 sor-

335 625 438 666 mari
467 625 519 666 ab
540 626 703 677 ἅπτομαι
723 625 1068 680 quemadmodum
1089 627 1283 678 τρῶξανον
1311 642 1334 667 a
1359 628 1504 681 τρώγω,
1525 628 1722 680 λείψανον
1740 642 1766 666 a

335 693 471 740 λείπω,
493 691 766 747 grammaticis
785 706 864 732 non
886 691 1164 746 probantibus.
1197 693 1331 734 Schol.
1351 694 1395 734 τὸ
1413 693 1452 747 χ’
1468 695 1526 734 ὅτι
1542 694 1617 734 ἀπὸ
1634 695 1765 746 ὄψεως

336 758 539 811 παρήγαγε
571 758 615 798 τὸ
647 760 815 810 ὄψανον.
869 759 1062 798 Ceterum
1104 758 1306 799 Stanleius
1343 759 1482 811 ἀνδρὸς
1518 759 1570 799 de
1609 758 1763 815 Clytae-

336 834 515 865 mnestra
534 823 734 878 intelligit.
785 823 1003 864 Schutzius
1023 825 1155 875 vertit,
1173 826 1307 865 visum
1329 826 1365 865 ei
1385 839 1412 864 a
1431 825 1581 865 ‘marito
1607 826 1764 865 immis-

334 903 441 937 sum,
456 889 564 944 quod
584 889 730 944 probat
743 890 950 930 Butlerus.
982 891 1041 930 Et
1057 890 1111 930 sie
1125 890 1415 945 interpretatur
1429 889 1652 931 scholiasta.
1685 889 1766 930 Sed

335 963 424 996 tum
458 965 663 1011 oporteret
690 955 852 1007 τάνδρὸς
881 970 972 996 cum
1007 955 1191 996 articulo.
1225 957 1450 997 BLOMF.
1511 957 1764 1012 Corruptum

333 1032 393 1063 est
414 1023 565 1074 ἀνδρός.
614 1022 681 1062 De
700 1021 855 1062 somnio
873 1022 982 1063 conf.
1005 1037 1042 1063 v.
1061 1033 1129 1078 37.
1151 1038 1262 1078 seqq.

390 1101 485 1143 535.
509 1088 696 1141 κέκραγεν
715 1088 825 1129 Rob.
843 1088 985 1144 Steph.
1017 1088 1206 1142 κέκλαγεν
1225 1089 1317 1130 libri
1336 1089 1496 1144 reliqui.

390 1157 488 1210 536.
513 1157 613 1196 Post
633 1156 758 1208 σκότῳ
779 1170 936 1195 comma
954 1165 1142 1210 ponatur.

391 1233 490 1278 537.
512 1221 560 1276 τ’]
582 1221 612 1262 δ’
638 1221 852 1262 Stanleius.

391 1300 491 1342 542.
521 1289 749 1341 συγκόλλως
780 1287 923 1343 Steph.
959 1297 999 1328 et
1026 1289 1249 1330 scholiasta.
1300 1292 1529 1333 συσκόλλως
1559 1291 1622 1331 Μ.
1656 1289 1766 1331 Rob.

337 1356 561 1396 δυσκόλλως
581 1353 721 1395 Guelf.
747 1353 849 1394 Ald.
879 1357 1075 1398 δυσκόλως
1096 1357 1232 1396 Turn.

391 1434 487 1475 543.
509 1420 717 1476 ἐκλείπων]
741 1422 810 1461 An
832 1421 1049 1476 legendum
1073 1424 1270 1464 ἐκλιπώνὲ
1302 1423 1527 1464 BLOMF.

391 1501 488 1542 544.
519 1488 682 1540 οὐφεῖσε
710 1491 818 1528 πᾶσα
838 1489 1043 1541 σπαργάνη
1063 1491 1239 1538 ὁπλίζετο
1273 1489 1369 1530 Ald.
1401 1490 1624 1530 Turnebus
1654 1504 1765 1539 vero,

337 1556 427 1607 ὄφις
455 1555 497 1594 τὲ
526 1557 646 1594 πᾶσιν
676 1555 916 1606 σπαργάνοις
949 1557 1138 1604 ὁπλίζετο,
1164 1566 1205 1596 et
1230 1556 1285 1597 sic
1304 1557 1388 1597 fere
1423 1557 1668 1611 StephanuS,
1696 1555 1768 1596 sed

337 1622 538 1669 ὡπλίζετο.
569 1621 613 1660 οὐ
645 1625 761 1672 φεῖσε
795 1624 904 1661 πᾶσα
934 1621 1139 1674 σπαργάνη
1173 1624 1349 1671 πλείζετο
1382 1624 1448 1662 Μ.
1484 1622 1624 1663 Guelf.
1658 1623 1766 1663 Rob.

337 1686 533 1727 Butlerus
561 1686 724 1741 conjicit
753 1688 865 1739 οὕφις
895 1704 938 1728 τε
971 1691 1060 1730 παῖς
1086 1688 1147 1730 ὧς.
1198 1689 1404 1729 Porsonus
1429 1690 1581 1744 Opusc.
1607 1704 1646 1744 p.
1672 1701 1767 1729 211.

337 1755 449 1806 οὕφις
470 1755 598 1804 ἐμοῖσι
619 1754 870 1806 σπαργάνοις.
904 1755 1133 1796 BLOMF.

392 1829 489 1874 545.
510 1820 661 1871 μαστὸν
682 1819 961 1861 Blomfieldus.
994 1822 1148 1872 μασθὸν
1167 1823 1304 1876 vulgO.

391 1899 489 1941 547.
515 1887 615 1937 ἀμφὶ
644 1886 781 1939 τάρβει
810 1888 899 1941 τῷδ’
921 1888 1141 1929 Porsonus.
1184 1889 1399 1940 ἆμφιταρβὶ
1429 1887 1512 1943 τῷδ’
1541 1889 1606 1928 Μ.
1649 1889 1767 1942 ἀμφι-

336 1955 505 2006 ταρβίτω
526 1953 556 1994 δ’
579 1953 682 1994 Ald.
705 1954 813 1994 Rob.
846 1955 1093 2007 ἆμφιταρβὴς
1111 1955 1195 2010 τῷδ’
1218 1956 1354 1996 Turn.
1377 1954 1517 2010 Steph.

392 2021 487 2074 548.
511 2021 572 2060 τοί
590 2020 668 2073 νιν]
693 2021 823 2060 τοίνυν
843 2020 942 2061 Ald.
967 2022 1103 2061 Turn.

393 2099 490 2141 550.
513 2090 631 2127 κτενῶ
654 2087 787 2127 Turn.
812 2087 951 2143 Steph.
985 2089 1118 2128 κτείνω
1138 2087 1228 2128 libri
1249 2086 1404 2143 reliqui.

392 2165 490 2208 553.
510 2153 583 2204 μέν
606 2152 819 2193 Stanleius.
852 2153 882 2194 δ’
906 2154 949 2194 ἕν
969 2153 1073 2194 libri.

393 2230 488 2274 554.
512 2221 684 2272 στείχειν
704 2221 924 2260 Porsonus.
956 2221 1107 2273 στίχειν
1126 2220 1228 2260 libri.

393 2287 490 2340 556.
513 2287 744 2339 κτείναντες]
772 2286 993 2328 κτείναντας
1015 2288 1076 2325 Μ.
1100 2287 1241 2327 Guelf.
1260 2285 1362 2327 Ald.

394 2363 491 2405 557.
523 2352 624 2404 δόλῳ
644 2368 686 2391 τε
709 2352 770 2391 καὶ
789 2355 996 2403 ληφθῶσιν
1016 2353 1060 2392 ἐν
1079 2353 1202 2406 ταύτῷ
1222 2352 1377 2407 βρόχῳ]
1410 2353 1505 2392 Hoc
1525 2363 1584 2393 est
1605 2355 1706 2407 δόλῳ
1726 2370 1769 2393 τε

339 2419 401 2459 καὶ
423 2419 466 2458 ἐν
485 2418 607 2471 ταύτῷ
623 2416 757 2471 βρόχῳ
777 2420 993 2469 ληφθῶσιν.

393 2486 490 2538 561.
513 2485 605 2540 σὺν]
631 2483 758 2524 Sorib.
780 2484 847 2534 ξὺν
866 2498 957 2523 cum
981 2485 1175 2524 Por-sono.

395 2550 578 2604 ἑρκείους]
602 2552 747 2602 ἑρκίους
767 2550 831 2590 Μ.
856 2549 998 2590 Guelf.
1018 2549 1119 2589 Ald.
1143 2550 1249 2590 Rob.

394 2618 490 2672 562.
512 2617 575 2669 τε]
596 2618 638 2657 δὲ
659 2617 768 2657 Rob.

394 2685 491 2738 563.
513 2684 661 2734 ἥσομεν
682 2684 815 2723 Turn.
841 2682 984 2737 Steph.
1016 2685 1177 2734 οἴσομεν
1195 2682 1287 2723 libri
1308 2682 1466 2738 reliqui.

394 2750 626 2801 Παρνησίὸα
659 2750 883 2789 Porsonus.
926 2750 1186 2800 Παρνησσίδα
1216 2748 1324 2789 libri.
1367 2750 1599 2802 Παρνασίδα
1632 2748 1770 2790 Blom-

338 2815 498 2865 fieldus,
517 2824 558 2855 et
587 2818 801 2867 Παρνασοῦ
828 2830 904 2870 pro
924 2818 1136 2868 Παρνησοῦ
1165 2816 1343 2856 Eumen.
1369 2828 1433 2856 11.
1455 2815 1525 2857 ubi
1544 2815 1624 2857 vid.
1645 2830 1769 2856 anno-

338 2891 438 2923 tatio
457 2890 607 2923 nostra.
