1962 3224
563 165 654 206 AD
686 163 1108 206 AGAMEMNON
1117 164 1223 205 EM.
1546 162 1626 203 341

225 290 317 333 123.
338 276 556 333 Ἀτρείδας]
579 276 854 319 Scribendum
875 275 1080 330 Ἀτρεΐδας
1098 291 1194 318 cum
1222 275 1397 318 diaeresi.
1459 276 1632 317 Monuit

165 344 382 386 Monkius.

219 411 332 466 ε’δάη]
351 411 622 469 Participium
638 414 746 457 δαείς
760 412 938 454 occurrit
957 411 1145 469 Choeph.
1162 412 1258 455 602.
1277 410 1458 452 Theocr.
1477 419 1546 464 17,
1562 410 1630 451 81.

160 478 412 520 infinitivum
433 479 623 532 δαήμεναι
642 480 793 537 passim
814 480 928 536 apud
951 481 1202 522 Homerum.
1259 480 1386 521 Verte
1406 487 1545 519 autem
1565 479 1633 518 in-

160 547 318 588 tellexit
335 548 439 604 quid
457 550 751 604 significarent
769 548 923 606 aquilae
942 549 1078 604 lepore
1097 554 1316 590 vescente&
1350 546 1586 588 BLOMF.

216 616 460 668 λαγοδαίτας
479 617 536 658 Τ.
558 616 702 673 Steph.
732 617 971 670 λογοδαίτας
992 616 1060 656 Μ.
1083 615 1185 656 Ald.
1209 615 1321 656 Rob.
1345 615 1484 655 Turn.

222 695 315 735 124.
347 685 492 738 ἀρχούς
516 685 573 726 Τ.
598 684 744 741 Steph.
804 683 1106 726 Revocandum
1129 683 1243 740 quod
1264 683 1307 724 in
1328 682 1442 724 libris
1461 681 1632 739 reliquis

160 755 224 794 est
242 751 379 807 ἀρχάς.
412 757 440 777 “
462 753 582 808 ἀρχαὶ
600 768 678 809 pro
698 754 890 807 ἄρχοντες
908 752 1163 810 metonymia
1191 752 1288 794 satis
1318 761 1418 793 nota
1445 751 1629 808 ponitur.

160 820 314 876 Eurip.
335 820 539 862 Phoeniss.
562 822 660 876 987.
688 821 807 872 Λέξει
835 822 913 875 γὰρ
941 821 1081 875 ἀρχαῖς
1111 820 1175 862 καὶ
1205 819 1494 874 στρατηλάταις
1521 819 1630 861 τάδε.

162 887 279 929 Xen.
305 889 464 945 Cyrop.
489 889 528 939 8,
552 901 591 940 7,
615 891 654 930 6.
677 888 848 930 ἐκάλεσε
869 889 912 930 δὲ
934 889 997 930 καὶ
1017 888 1104 932 τοὺς
1125 889 1268 942 φῦιους
1288 888 1351 930 καὶ
1370 889 1439 931 τὰς
1459 891 1631 941 Περσῶν

161 955 299 1010 ἀρχάς.
361 956 428 998 Sic
450 957 604 998 Noster
625 956 766 998 Theb.
790 967 912 1010 1027.
940 959 993 1012 τῷ
1020 973 1068 1009 ’γε
1090 956 1298 1008 Καδμείων
1317 954 1425 997 τέλει
1450 970 1529 1012 pro
1548 959 1632 1000 τοῖς

162 1024 207 1065 ἐν
226 1023 335 1066 τέλει
354 1025 482 1066 οὖσι.”
513 1025 746 1066 BLOMF.

224 1103 319 1148 125.
342 1091 391 1148 δ’]
414 1092 445 1134 δ’
467 1093 538 1134 οὖν
559 1092 626 1134 Fl.

221 1174 238 1201 1
250 1161 317 1203 26.
340 1159 469 1215 ἀγρεῖ]
490 1161 670 1202 Verbum
687 1159 867 1217 epicum,
883 1160 1005 1217 cujus
1026 1159 1104 1201 hoc
1126 1159 1294 1201 unicum
1316 1167 1377 1201 est
1395 1175 1446 1201 ex
1463 1159 1630 1216 tragicis

160 1227 413 1284 exemplum.
469 1228 523 1268 In
545 1230 650 1281 αἱρεῖ
667 1227 917 1269 mutandum
938 1227 1161 1270 videbatur
1180 1226 1382 1268 Elmsleio
1401 1226 1455 1268 ad
1476 1227 1628 1283 Eurip.

162 1295 281 1336 Med.
306 1296 431 1338 888.:
463 1296 630 1338 frustra.

218 1363 419 1419 κέλευθος]
440 1363 682 1420 Expeditio.

221 1445 317 1487 129.
340 1432 475 1488 κτήνη]
498 1434 582 1474 Per
602 1432 777 1485 κτήματα
796 1430 977 1489 explicat
997 1431 1227 1479 scholiasta,
1241 1446 1317 1488 per
1336 1430 1519 1485 χρήματα
1539 1431 1630 1471 He-

160 1499 342 1556 sychius.
375 1501 512 1552 Verte,
513 1501 670 1556 sixtum
691 1515 788 1542 vero
799 1502 933 1557 prius
950 1500 1151 1542 violenter
1169 1500 1345 1556 diripiet
1364 1514 1416 1541 ea·
1437 1500 1629 1541 turribus

158 1582 255 1624 opes
267 1569 510 1625 populares.
544 1569 777 1611 BLOMF.

221 1649 316 1691 130.
349 1635 450 1689 μοῖρ’
478 1635 692 1692 ἀλαπάξει]
724 1640 844 1689 μοῖρα
873 1635 1045 1687 λαπάξει
1077 1635 1135 1677 Τ.
1194 1636 1292 1676 Hac
1326 1635 1461 1677 forma
1494 1645 1627 1678 metro

158 1702 395 1759 postulante
415 1719 515 1745 usus
533 1713 594 1745 est
617 1704 844 1760 AEschylus
866 1706 983 1761 Sept.
1004 1714 1075 1757 47.
1095 1716 1194 1758 531.

221 1784 316 1826 131.
348 1771 449 1827 οἷον]
481 1772 566 1813 οἷον
591 1772 695 1814 Ald.
723 1773 835 1814 Rob.
869 1771 1014 1828 Steph.
1046 1772 1132 1813 οἷον
1161 1771 1262 1828 legit
1289 1771 1522 1823 scholiasta,
1554 1772 1628 1828 qui

159 1839 284 1891 μόνον
301 1839 731 1896 pah—interpretatur:
765 1855 862 1896 quae
883 1840 1034 1882 usitata
1054 1839 1253 1896 loquendi
1272 1839 1378 1881 ratio
1397 1847 1473 1881 est.

221 1920 314 1961 132.
338 1908 418 1960 ἄγα
439 1908 724 1949 Hermannus.
755 1909 830 1949 ἄτα
849 1907 958 1949 libri.
990 1907 1178 1964 Hesych.
1201 1907 1361 1961 Ἀγαις.
1391 1909 1627 1960 ζηλώσεσιν.

161 1975 366 2028 Αἰσχύλος
386 1973 610 2031 Θρῄσσαις.
632 1975 820 2032 Etymol.
844 1977 909 2017 M.
930 1991 973 2032 p.
993 1988 1037 2030 5,
1056 1976 1123 2017 28.
1142 1974 1266 2028 Ἀγα.
1298 1977 1449 2028 φθόνος
1469 1976 1534 2016 καὶ
1552 1980 1630 2027 βα-

160 2042 316 2082 σκανία.
355 2042 489 2098 Apud
510 2042 776 2084 Herodotum
799 2044 841 2094 6,
864 2045 932 2085 61.
955 2042 1029 2084 ubi
1049 2042 1145 2083 olim
1167 2042 1386 2098 legebatur
1405 2045 1542 2098 φθόνῳ
1565 2043 1629 2084 καὶ

160 2109 234 2165 ἄτῃ
262 2110 502 2163 χρεώμενος,
521 2110 759 2152 restitutum
791 2121 852 2152 est
882 2112 958 2167 ἄγῃ
989 2126 1041 2152 ex
1063 2111 1162 2151 MS.
1185 2110 1389 2167 Archiep.
1410 2119 1452 2151 et
1483 2110 1627 2152 Suida.

161 2177 287 2218 Hanc
318 2186 458 2218 autem
493 2177 709 2219 lectionem
745 2178 862 2235 apud
901 2188 1090 2220 nostrum
1126 2179 1344 2221 confirmat
1376 2177 1628 2235 adjectivum

160 2244 386 2298 ἐπίφθονος.
419 2245 652 2287 BLOMF.

218 2312 417 2368 κνεφάσ-ῃ]
442 2313 656 2367 κνεφάσειε
679 2315 734 2356 Τ.

216 2380 434 2437 προτυπὲν]
456 2383 684 2436 προτυφθὲν
706 2383 761 2423 Τ.
792 2383 988 2435 προτυπὲς
1009 2381 1154 2423 Guelf.
1174 2381 1278 2423 Ald.
1302 2383 1441 2423 Turn.
1500 2382 1629 2425 Scho-

159 2448 291 2499 liasta,
309 2450 434 2501 μόνον
451 2449 505 2501 μὴ
524 2451 722 2503 προτυπὲν
740 2450 817 2492 ὑπὸ
837 2454 939 2492 θεῶν
958 2450 1004 2491 τὸ
1025 2452 1265 2503 στρατευθὲν
1285 2453 1352 2503 τῆς
1369 2449 1517 2504 Τροίας
1537 2451 1630 2492 στό-

160 2533 263 2568 μιον,
284 2516 307 2556 ὅ
328 2517 413 2557 ἐστι
438 2517 483 2557 τὸ
512 2517 577 2559 ἐπὶ
602 2517 744 2574 βλάβῃ
762 2519 910 2572 Τροίας
930 2520 1183 2571 στρατευθὲν,
1205 2519 1278 2576 ἄτῃ
1306 2520 1503 2571 σκοτίσῃς.
1531 2520 1627 2574 (scr.

160 2584 233 2634 ἄτη
255 2583 453 2639 σκοτίσῃ).

222 2663 316 2705 135.
337 2652 579 2708 στρατωθὲν]
607 2654 847 2706 στρατευθὲν
867 2654 1005 2695 Turn.
1029 2654 1174 2710 Steph.

222 2728 317 2773 137.
370 2718 600 2774 αὐτότοκον]
650 2721 748 2762 Una
787 2735 880 2762 cum
901 2722 1020 2776 fitu-
1074 2721 1213 2762 Schol.
1254 2721 1330 2762 σὺν
1368 2721 1471 2776 αὐτῷ
1511 2722 1629 2778 τόκῳ.

163 2785 396 2827 BLOMF.

218 2853 348 2895 πτάκα
368 2853 595 2905 θυομένοισι
615 2855 684 2895 Μ.
715 2858 844 2897 πτᾶκα
865 2855 1117 2907 θυομένοισιν
1139 2856 1250 2897 Rob.
1283 2855 1419 2898 πτάων
1439 2857 1628 2909 καθυομέ-

163 2936 292 2963 νοισιν
311 2920 414 2963 Ald.
444 2925 578 2964 πτῶκα
597 2922 850 2975 θυομένοισιν
871 2924 928 2966 Τ.
949 2924 1086 2965 Turn.
1113 2923 1259 2981 Steph.
1291 2929 1321 2949 ‘⁶
1336 2923 1452 2976 πτᾶξ,
1466 2925 1630 2966 animal
1714 2973 1716 2977 ,
