1962 3224
631 134 721 175 AD
755 131 1111 175 SUPPLICES.
1519 130 1606 175 599

194 259 293 314 308.
315 257 571 311 οἶστρον-οἱ
591 257 742 298 Νείλου
761 255 908 313 πέλας]
934 255 1133 297 Graecum
1155 253 1234 295 hoc
1254 261 1315 295 est
1336 267 1500 305 nomen,
1522 268 1606 295 non

139 326 406 384 AEgyptium.
452 324 567 381 Virg.
590 324 748 381 Georg.
768 337 811 379 3,
836 334 931 378 147.

776 446 880 456 ......
888 413 971 455 Cui
991 428 1141 455 nomen
1162 412 1263 454 asilo

252 485 489 526 Romanum
512 491 588 534 est,
608 490 782 524 oestrum
806 481 924 524 Graii
945 490 1104 523 vertere
1127 490 1333 522 vocantes.

141 596 289 639 Isidor.
317 609 382 648 12,
407 597 446 638 8.
467 612 507 654 p.
535 609 657 650 1142.
681 597 874 638 OEstrum
894 596 1058 637 animal
1075 596 1281 636 armentis
1310 594 1468 636 aculeis
1488 595 1609 635 mole-

138 671 275 707 stum.-
306 671 479 707 oestrum
509 671 647 707 autem
682 665 876 706 Graecum
906 670 981 721 est,
1000 664 1110 721 quod
1128 664 1281 705 Latine
1308 663 1456 714 asilus,
1479 663 1610 720 vulgo

139 734 317 775 tabanus
339 739 524 775 vocatur.
587 734 739 774 Festus
768 748 813 789 p.
835 734 933 788 346,
950 745 1022 789 32.
1054 732 1120 774 ed.
1145 731 1274 773 Goth.
1299 732 1509 781 OEstrum‚
1522 731 1612 785 fu-

140 816 229 852 ror,
254 802 405 843 Graeco
426 801 632 843 vocabulo.
697 802 804 843 Sunt
825 816 938 852 vero,
961 800 1056 842 licet
1082 800 1200 841 aliter
1220 799 1344 841 sentit
1365 798 1610 855 AEschylus‚

141 869 215 926 qui
234 870 373 922 μύωπα
392 870 446 911 ab
466 879 592 911 oestro
612 868 907 926 distinguunt3
942 883 1120 926 quorum
1150 883 1236 909 esse
1257 867 1423 909 videtur
1443 867 1610 909 Aristo-

143 937 242 979 teles
257 947 302 993 5,
327 951 391 993 19.
414 946 462 979 ut
482 946 523 979 et
546 938 758 979 Sostratus
778 937 831 979 de
851 937 1097 979 animalibus
1115 949 1158 988 4.
1211 934 1458 977 Scholiastes
1480 935 1612 992 Apol-

141 1004 242 1046 lonii
266 1022 302 1056 1,
328 1007 450 1062 1265.
471 1019 512 1062 3,
533 1006 627 1061 276.
648 1005 700 1048 ‘O
720 1007 795 1059 μὲν
814 1008 890 1060 γὰρ
910 1006 1031 1059 μύωψ
1061 1006 1104 1046 ἐκ
1134 1007 1212 1045 τῶν
1235 1002 1367 1055 ξύλων
1385 1004 1608 1057 ἆπογεννᾶ-

143 1090 219 1121 ται,
243 1074 264 1114 ὁ
292 1075 335 1115 δὲ
363 1074 519 1127 οἶστρος
546 1075 588 1115 ἐκ
615 1077 694 1115 τῶν
724 1075 769 1116 ἐν
789 1078 870 1118 τοῖς
897 1077 1087 1127 ποταμοῖς
1120 1074 1389 1114 ἐπιπλεόντων
1415 1074 1612 1126 ζωδαρίων

144 1142 363 1198 [ζωαρίων]
396 1143 621 1184 STANL.

201 1210 286 1252 Hic
312 1226 456 1252 versus
485 1210 687 1252 delendus
705 1210 926 1252 videbatur
942 1209 1198 1252 Wellauero.
1251 1209 1402 1251 Paullo
1419 1209 1612 1267 probabi-

143 1277 223 1320 lius
252 1279 444 1334 conjicias
469 1294 602 1321 unum
629 1290 725 1321 ante
755 1278 844 1320 haec
865 1279 990 1321 verba
1010 1295 1181 1321 versum
1197 1280 1410 1331 excidisse,
1432 1295 1518 1337 quo
1538 1295 1612 1321 rex

145 1346 384 1403 quaesiverit
404 1362 528 1404 quem
550 1346 666 1388 illum
688 1346 798 1388 dicat
817 1347 1025 1400 βοηλάτην
1046 1349 1199 1400 μύωπα.

200 1414 346 1471 πέλας]
370 1415 490 1459 πέδας
511 1416 576 1457 Μ.
608 1416 749 1459 παίδας
769 1415 872 1457 Ald.
903 1419 1041 1460 παῖδες
1061 1417 1157 1457 Par.
1182 1415 1324 1458 Guelf.
1347 1416 1458 1458 Rob.

201 1496 300 1539 309.
321 1486 393 1537 γῆς
413 1484 633 1525 Canterus.
666 1486 732 1536 τῆς
753 1482 858 1525 libri.

202 1563 300 1606 310.
322 1550 470 1606 πάντα]
495 1551 599 1593 πάνυ
621 1551 733 1593 Rob.

202 1619 454 1674 συγκόλλως]
481 1620 687 1673 συγκόλως
708 1619 851 1662 Guelf.
872 1619 975 1662 Ald.
999 1621 1114 1663 Rob.
1139 1622 1275 1664 Turn.

202 1699 300 1741 311.
323 1686 436 1740 κάπὶ]
458 1687 520 1728 καὶ
538 1688 596 1729 ’πὶ
618 1687 722 1729 Ald.
748 1690 885 1730 Turn.

203 1766 304 1808 312.
326 1755 455 1807 φιτύει
476 1754 694 1797 Stanleius.
727 1757 887 1809 φυτεύει
907 1755 1015 1798 libri.

205 1834 304 1877 313.
327 1826 426 1866 Δῖος
439 1822 589 1879 πόρτις]
620 1823 742 1865 Idem
763 1834 851 1866 erat
870 1839 964 1866 cum
989 1824 1172 1881 Epapho
1185 1825 1295 1881 Apis
1315 1825 1482 1867 divinus
1502 1825 1613 1867 vitu-

149 1886 215 1928 lus
235 1887 563 1945 AEgyptiorum:
596 1905 636 1932 v.
659 1890 866 1932 Herodot.
884 1904 928 1946 3,
952 1893 1019 1933 28.
1065 1894 1212 1948 Atque
1233 1892 1344 1943 hinc,
1368 1900 1414 1934 ut
1435 1892 1614 1945 videtur,

149 1954 277 1997 boves
296 1970 429 1997 mares
449 1956 632 2013 Epapho
652 1957 777 1999 sacri:
810 1974 849 1999 v.
874 1959 1080 2001 Herodot.
1106 1972 1145 2010 2,
1166 1961 1237 2016 38.
1270 1960 1495 2003 STANL.

208 2024 230 2064 ὁ
252 2026 349 2067 Δῖος
367 2025 500 2077 πόρτις
520 2026 677 2079 εὔχεται
695 2026 813 2083 βοός]
831 2027 907 2068 Ex
926 2041 1051 2069 vacca
1070 2041 1113 2069 se
1133 2042 1219 2070 esse
1233 2030 1456 2086 gloriatur
1470 2030 1618 2071 Jovia-

150 2090 204 2132 lis
225 2091 383 2132 vitulus
397 2092 417 2132 ,ἓ
448 2092 833 2135 WELLAUER.

207 2172 305 2215 314.
335 2160 483 2212 ῥυσίων
513 2161 728 2217 ἐπώνυμος]
760 2161 1038 2206 Liberationis
1067 2180 1143 2222 per
1171 2165 1328 2220 ἔφαψιν
1353 2166 1518 2209 scilicet.
1566 2167 1615 2208 V.

153 2242 190 2268 V.
210 2228 284 2280 46.
318 2228 542 2270 STANL.

210 2296 425 2337 Lacunam
464 2306 558 2354 post
594 2297 706 2339 hunc
733 2313 896 2340 versum
931 2299 1127 2343 indicavit
1164 2302 1383 2345 Stanleius.
1445 2303 1619 2346 Excidit

153 2362 261 2419 regis
280 2363 548 2421 interrogatio
567 2364 620 2406 de
639 2365 756 2422 prole
778 2367 962 2424 Epaphi.
1023 2370 1150 2420 Quod
1169 2386 1303 2427 quum
1330 2386 1413 2413 non
1434 2371 1619 2413 animad-

154 2431 340 2472 vertisset
374 2432 657 2484 Robortellus,
692 2434 738 2476 οὗ
769 2436 898 2487 Λιβύη
911 2436 1094 2479 -nulla
1128 2439 1250 2481 metri
1287 2439 1446 2482 ratione
1476 2440 1620 2483 habita

155 2497 316 2554 scripsit
335 2514 387 2540 ex
407 2499 644 2556 conjectura
665 2501 876 2558 Sophiani.

212 2567 309 2621 316.
340 2567 485 2622 Λιβύη]
516 2567 801 2625 Apollodorus
832 2582 871 2620 2,
902 2585 938 2612 Ι.
968 2573 1031 2614 καὶ
1059 2579 1193 2616 τεκνοῖ
1222 2575 1419 2629 θυγατέρα
1449 2578 1617 2629 Λιβύην,

156 2629 225 2685 ἀφ’
245 2633 291 2684 ἧς
309 2634 333 2685 ἡ
353 2634 464 2687 χώρα
483 2636 612 2687 Λιβύη
633 2636 791 2689 ἐκλήθη.
824 2638 1047 2682 STANL.

213 2702 400 2754 μεγίστης
420 2703 544 2754 ὄνομα
563 2705 636 2756 γῆς
657 2704 879 2747 Porsonus.
922 2706 1114 2760 μέγιστον
1136 2711 1276 2764 (τῆσδε
1295 2710 1458 2754 addunt
1479 2714 1618 2755 Turn.

160 2768 324 2824 steph.)
346 2772 417 2822 γῆς
435 2768 541 2810 libri.

215 2845 314 2891 317.
336 2835 428 2891 τίν’]
453 2838 493 2878 τί
510 2838 574 2879 Μ.
597 2838 740 2881 Guelf.

216 2903 468 2960 βλάστημον]
488 2904 716 2959 βλάστιμον
737 2908 850 2950 Rob.
