1962 3224
575 171 665 213 AD
697 168 1142 212 CHOEPHORAS.
1517 164 1603 207 487

132 285 234 328 mire
252 283 408 326 dictum
427 281 525 336 δίψη
552 296 611 324 τις
636 279 726 322 vitii
754 278 1028 336 suspicionem
1059 286 1215 327 movet,
1237 275 1352 333 quod
1375 275 1602 321 Elmsleius

133 353 186 395 ad
207 351 356 409 Eurip.
378 349 499 392 Med.
512 349 611 403 480.
632 348 691 390 ita
709 362 922 390 removere
943 346 1106 389 studuit
1129 356 1176 388 ut
1195 345 1407 396 scriberet,
1426 344 1450 397 ἢ
1470 345 1599 398 λιμὸς,

134 420 158 473 ἢ
179 422 275 474 διψῇ
293 436 361 467 τις,
382 417 406 470 ἢ
424 417 617 472 λιψουρία
637 417 735 471 ἔχει,
757 415 925 458 duriore
945 414 1141 457 orationis
1156 413 1496 456 conformatione.
1526 413 1601 455 Ab

133 488 211 530 hae
231 496 348 544 parte
368 485 621 543 probabilior
637 484 871 526 Wellaueri
886 484 1123 541 conjectura
1142 491 1202 524 est
1224 483 1399 536 δίψησις.
1438 481 1482 524 Si
1502 497 1603 523 vero

134 554 379 597 servandum
411 561 472 595 est
501 570 572 605 τις,
602 553 751 609 corrigi
782 552 935 609 poterit
964 550 988 604 ἢ
1017 551 1134 604 λιμὸς
1163 550 1186 603 ἢ
1212 550 1295 605 δίψ’
1326 553 1363 593 εἴ
1386 565 1600 594 ‘ns—cum

135 624 395 669 Buttmanno
416 622 648 663 Grammat.
671 620 750 662 vol.
775 633 814 663 2.
835 635 876 677 p.
898 631 998 676 395.

191 690 398 746 λιψουρία]
419 691 478 732 M
477 691 673 732 icturitz'o.
695 705 720 731 a
739 690 910 741 λίπτειν,
932 688 959 730 i.
981 704 1017 730 e.
1041 690 1259 741 ἐπιθυμεῖν,
1281 696 1323 729 et
1343 688 1473 742 οὖρον.
1533 688 1601 730 Sic

135 759 475 816 interpretantur.
508 758 742 799 BLOMF.

195 838 293 883 757.
325 826 534 882 αὐτάρκης]
569 825 739 879 αὐτάρκη
770 823 914 867 Guelf.
942 823 1048 866 Ald.
1100 823 1344 877 Scholiasta,
1372 825 1396 877 ἡ
1425 827 1503 878 γὰρ
1529 824 1602 867 νέα

139 896 254 948 νηδὺς
287 899 365 936 τῶν
401 894 550 936 τέκνων
583 894 699 946 ἑαυτῇ
733 894 867 946 ἀρκεῖν
900 893 962 934 καὶ
995 896 1162 945 βοηθεῖν
1195 893 1402 944 βούλεται,
1435 894 1458 934 ὅ
1493 895 1605 935 ἐστιν

140 965 274 1006 ἆνύειν
293 964 484 1015 βούλεται
504 964 572 1006 τὰς
593 962 812 1014 ἐπιθυμίας.
872 960 1255 1017 Interpunctionem
1277 970 1372 1017 post
1391 962 1606 1014 πρόμαντις

140 1032 242 1073 οὖσα
260 1029 387 1088 vulgo
406 1030 580 1087 positam
602 1038 696 1087 post
716 1028 865 1070 τέκνων
885 1029 1096 1070 transtulit
1116 1028 1325 1071 Pauwius.

199 1109 295 1155 759.
318 1099 454 1142 παιδὸς
474 1098 716 1152 σπαργάνων
737 1097 1008 1153 φαιδρύντρια]
1032 1097 1146 1139 Citat
1166 1096 1319 1139 Pollux
1342 1110 1383 1152 7,
1403 1111 1476 1150 40.

201 1169 298 1222 760.
319 1168 513 1222 γναφεὺς]
542 1165 804 1209 Probabilior
823 1164 1027 1221 scriptura
1047 1166 1220 1219 κναφεύς
1239 1174 1314 1207 est.

199 1235 366 1288 τροφεύς
385 1235 446 1290 τε]
472 1235 665 1288 στροφεύς
681 1251 725 1276 τε
746 1235 810 1275 M.
835 1233 979 1275 Guelf.
1012 1235 1238 1287 στρόφευσε
1257 1233 1361 1276 Ald.
1409 1239 1434 1259 ·‘
1451 1235 1603 1277 Sensus

142 1311 227 1344 est:
259 1302 360 1344 Has
382 1303 511 1359 pueri
537 1304 616 1343 ‘mei
646 1303 907 1344 necessitates
937 1301 1156 1343 naturales
1186 1316 1280 1342 cum
1307 1303 1604 1358 proevz'derem‚

143 1384 251 1427 saepe
270 1375 408 1411 tamen
428 1376 476 1411 ut
488 1371 553 1426 fit
571 1370 794 1427 deciperer,
815 1370 995 1426 adeoque
1013 1370 1141 1411 simul
1149 1370 1327 1424 fascias
1351 1373 1477 1427 pueri
1497 1386 1608 1428 saepe

135 1452 335 1495 purgare
354 1438 553 1488 deberem,
569 1438 699 1479 lotrix
714 1439 943 1494 nutrixque
958 1439 1094 1479 eodem
1096 1437 1408 1495 fungebantur
1424 1454 1609 1492 munere,

143 1505 187 1546 h.
207 1521 242 1547 e.
263 1520 359 1562 quae
379 1505 535 1557 nutrix,
556 1505 700 1548 eadem
722 1515 762 1547 et
783 1505 907 1547 lotrix
928 1520 1055 1547 eram.
1117 1505 1172 1547 Id
1192 1506 1307 1562 quod
1337 1516 1479 1563 aperte
1505 1523 1604 1549 con-

146 1573 336 1614 firmatur
365 1573 633 1629 sequentibus
662 1573 798 1615 verbis
828 1573 906 1626 ἐγὼ
943 1576 1084 1617 διπλᾶς
1118 1574 1161 1614 δὲ
1196 1573 1318 1616 τάσδε
1351 1574 1611 1629 χειρωναξίας

149 1640 337 1695 ἔχουσα.”
369 1642 504 1683 SCH.

206 1710 302 1762 762.
322 1708 520 1763 Ὀρέστην
541 1708 778 1762 ἐξεδεξάμην
797 1710 935 1765 πατρί]
964 1710 1164 1766 Superius
1184 1725 1223 1752 v.
1246 1723 1268 1764 7
1273 1720 1342 1766 50.
1365 1709 1541 1762 dixerat,
1563 1711 1611 1753 ὃν

151 1776 349 1830 ἐξέθρεψα
377 1779 570 1830 μητρόθεν
603 1777 830 1831 δεδεγμένη.
881 1778 973 1818 Vox
1004 1777 1174 1834 propria
1208 1778 1294 1820 scil.
1327 1779 1612 1831 obstetricum,

150 1859 247 1900 quae
269 1855 315 1886 ut
336 1844 501 1886 videtur
521 1845 642 1886 simul
662 1845 871 1887 nutricum
893 1845 1025 1888 officia
1045 1846 1230 1888 obibant.
1267 1846 1446 1889 Aristid.
1469 1847 1551 1889 vol.
1572 1862 1610 1891 Ι.

151 1925 194 1967 p.
216 1923 282 1963 24.
311 1914 357 1963 τῇ
385 1915 511 1964 Λητοῖ
536 1913 776 1970 πλανωμένῃ
801 1915 865 1955 διὰ
896 1913 1026 1966 πάσης
1051 1917 1121 1968 γῆς
1150 1915 1213 1955 καὶ
1242 1915 1436 1967 θαλάττης
1461 1917 1615 1969 ἡγεῖται

157 1978 386 2031 (Minerva)
410 1979 509 2033 πρὸς
538 1979 608 2021 τὸν
630 1980 865 2033 εἱμαρμένον
884 1985 1028 2035 χῶρον,
1050 1982 1096 2023 οὗ
1122 1983 1246 2034 μόνον
1271 1982 1321 2033 ἦν
1346 1983 1440 2035 αὐτῇ
1470 1988 1612 2032 τεκεῖν,

156 2046 220 2087 καὶ
250 2046 382 2097 ἐπειδὴ
409 2046 534 2089 ἔτικτε
561 2049 747 2098 μαιοῦταί
773 2065 816 2089 τε
841 2049 904 2090 καὶ
934 2048 1092 2103 δέχεται
1122 2049 1211 2092 τοὺς
1235 2052 1391 2094 παῖδας.
1437 2049 1612 2093 Hesiod.

156 2113 321 2170 Theog.
342 2125 444 2170 479.

268 2203 435 2246 ‘Omro'r’
457 2203 516 2258 ἄρ’
538 2206 762 2248 ὁπλότατον
780 2209 930 2248 παίδων
948 2207 1101 2259 ἤμελλε
1119 2207 1303 2250 τεκέσθαι

271 2273 380 2322 Ζῆνα
398 2271 537 2325 μέγαν·
569 2273 640 2314 τὸν
658 2273 733 2325 μέν
753 2275 791 2315 οἱ
811 2274 971 2325 ἐδέξατο
992 2279 1092 2316 Γαῖα
1111 2276 1269 2328 πελώρη

274 2337 403 2391 Κρήτῃ
424 2340 468 2380 ἐν
489 2339 616 2396 εὐρείῃ
636 2340 838 2394 τραφέμεν
859 2342 1166 2394 ἀτιταλλέμεναί
1182 2360 1240 2384 τε.

161 2437 280 2479 Idem
317 2453 414 2479 vero
449 2438 492 2479 h.
522 2437 549 2479 l.
582 2438 816 2491 ἐκδέξασθαι
848 2442 977 2494 πατρὶ,
1012 2442 1126 2497 quod
1160 2442 1201 2484 iu
1242 2443 1412 2487 laudato
1445 2445 1622 2487 Hesiodi

160 2519 282 2546 versu
314 2504 504 2555 δέξασθαί
531 2507 569 2547 οἱ
597 2506 880 2559 τρέφειν,-ῑιῐ
906 2509 1011 2551 adeo
1041 2510 1107 2552 hic
1137 2511 1292 2567 optime
1324 2512 1449 2553 schol.
1483 2513 1526 2553 ἐκ
1556 2516 1623 2553 τοῦ

162 2575 555 2625 παρακολουθοῦντος
583 2573 775 2629 explanet
805 2590 881 2631 per
911 2577 1079 2631 ἔθρεψα,
1112 2578 1318 2629 ἆπέσωσα,
1346 2581 1484 2635 accepi
1513 2580 1626 2620 aleu-

161 2639 262 2680 dum
291 2641 616 2697 curandumque.
677 2642 708 2681 J
712 2642 831 2683 unxit
862 2642 951 2684 haec
983 2644 1112 2700 Soph.
1141 2645 1183 2686 in
1215 2646 1374 2688 Electr.
1394 2661 1435 2688 v,
1462 2659 1526 2701 13.
1553 2646 1626 2687 ubi

163 2706 306 2748 itidem
327 2705 486 2748 Orestis
506 2705 692 2762 loquitur
711 2710 895 2761 τροφεὺς,

279 2817 337 2823 -
350 2793 399 2833 σὲ
419 2791 568 2844 πατρὸς
589 2793 632 2832 ἐκ
653 2793 789 2844 φόνων
810 2794 887 2846 ἐγώ
908 2810 1003 2835 ποτε

281 2859 379 2912 πρὸς
400 2861 471 2909 σῆς
489 2859 657 2910 ὁμαίμου
677 2860 740 2900 καὶ
761 2860 997 2914 κασιγνήτης
1017 2862 1159 2913 λαβὼν

281 2926 443 2980 ἤνεγκα,
467 2926 678 2978 κάξέσωσα
700 2928 1015 2982 κάξεθρεψάμην.
