1962 3224
648 141 738 182 AD
770 138 1126 182 SUPPLICES.
1538 135 1626 180 607

154 261 442 313 persequatur.
516 253 680 295 Eodem
731 267 852 294 sensu
897 267 935 293 v.
975 263 1076 304 424.
1117 249 1373 304 ῥυσιάζεσθαι
1416 249 1588 306 ponitur
1609 266 1621 297 ;

157 324 392 380 iterumque
432 337 470 363 v.
512 322 608 376 728.
648 319 827 363 occurrit
863 319 1013 374 ῥυσίων
1048 317 1282 372 ἐφάπτορες.
1349 317 1417 359 Cf.
1452 332 1492 359 v.
1526 318 1622 372 918.

160 392 293 433 SCH.

212 471 310 514 415.
341 458 536 514 ξύνοικον]
560 457 626 500 Sic
645 456 929 499 Eumenidum
951 455 1103 497 chorus
1125 466 1221 510 720.
1242 457 1388 507 βαρεῖα
1406 454 1517 509 χώρᾳ
1542 452 1622 510 τῇδ’

158 525 335 577 ὁμιλήσω
355 524 492 566 πάλιν.
527 525 659 566 SCH.
691 525 866 576 ξύνοισιν
887 523 991 564 Ald.
1013 524 1150 564 Turn.

215 591 451 648 θησόμεσθ’]
475 591 658 645 θησόμεθ’
677 593 743 633 Μ.
766 591 941 643 θήσομεν
959 590 1103 632 Guelf.
1120 589 1224 632 Ald.
1247 587 1420 642 θήσομέν
1435 586 1466 629 τ’
1486 589 1623 629 Turn.

213 662 313 713 416.
336 660 379 704 ὃς
399 661 458 702 Η.
484 660 732 717 Stephanus.
765 659 816 702 ὡς
834 658 944 700 libri.

214 738 314 783 417.
336 727 462 783 δοκεῖ]
486 731 616 770 δοκεῖν
637 728 702 769 Μ.
727 726 871 769 Guelf.
890 725 992 768 Ald.
1015 727 1126 769 Rob.

217 797 749 851 418—422=423-—427.

216 864 747 920 428—432=433-437·

217 934 461 985 418—422.
493 931 556 973 Hi
577 947 719 973 versus
738 931 890 973 rectius
908 931 950 972 in
972 932 1204 973 trimetrum
1226 929 1415 986 duosque
1435 938 1627 971 tetrame-

162 1010 248 1043 tros
267 999 581 1042 distribuentur.

219 1081 317 1120 421.
350 1069 536 1119 ἐκβολαῖς
565 1065 760 1122 δυσθέοις]
788 1067 1010 1123 Empulsas
1041 1082 1083 1108 se
1112 1066 1271 1116 dicunt,
1303 1065 1418 1122 quod
1447 1065 1626 1107 violenta

163 1151 380 1193 procorum
406 1136 630 1178 ambitione
654 1146 788 1178 essent
813 1136 958 1193 fugere
984 1146 1150 1178 coactae.
1185 1137 1319 1177 SCH.

219 1215 319 1256 422.
350 1203 521 1257 ὀρμέναν
548 1203 756 1245 Pauwius.
787 1193 983 1257 ὀριὸμέναν
1014 1204 1078 1244 M.
1114 1203 1318 1257 ὁρωμέναν
1349 1202 1491 1245 Guelf.
1522 1203 1626 1245 Ald.

165 1271 274 1313 Rob.
299 1272 433 1313 Turn.
465 1272 696 1325 ὃρμωμέναν
718 1271 864 1328 Steph.

222 1340 318 1391 426.
355 1340 670 1397 γνῶθι-κότον]
705 1340 860 1397 Cogita
890 1353 986 1381 vero
1014 1340 1294 1396 impudentem
1326 1338 1474 1380 horum.
1493 1340 1627 1395 juve-

164 1421 264 1447 num
286 1407 519 1456 lasciviam,
540 1421 758 1464 eorumque
777 1408 828 1448 ab
848 1409 917 1448 ira
938 1409 1014 1449 tihi
1033 1422 1163 1454 eave,·
1196 1407 1237 1448 h.
1251 1422 1287 1448 e.
1310 1406 1402 1448 vide
1417 1408 1629 1463 quomodo

163 1473 362 1516 iratorum
382 1474 465 1515 vim
485 1474 712 1532 propulses.
745 1476 875 1516 Κότον
894 1474 1003 1516 enim
1023 1475 1066 1516 h.
1086 1474 1112 1516 l.
1134 1490 1215 1515 non
1238 1475 1292 1515 de
1312 1475 1343 1515 J
1345 1474 1433 1516 ovis
1452 1474 1514 1515 ira
1532 1490 1629 1517 cum

166 1541 292 1583 schol.
325 1551 366 1583 et
397 1542 543 1593 Stanl.‚
580 1542 651 1584 sed
682 1542 734 1584 de
761 1541 1010 1599 patruelium
1039 1543 1100 1584 ira
1126 1542 1426 1599 accipiendum.
1488 1543 1557 1585 Cf.
1586 1559 1630 1585 v·

168 1620 262 1661 744.
287 1611 382 1664 763.
416 1610 547 1651 SCH.

223 1677 324 1729 428.
354 1677 407 1729 μή
433 1679 472 1719 τί
489 1679 585 1734 τλῇς
604 1680 677 1719 τᾶν
698 1676 909 1719 Pauwius.
937 1676 1027 1729 μήτι
1046 1677 1088 1717 τὲ
1107 1679 1203 1734 τλῇς
1224 1679 1298 1719 τᾶν
1319 1678 1458 1718 Turn.
1489 1677 1579 1730 μήτι
1600 1688 1631 1718 τ’

168 1743 338 1786 ἆαΐσταν
357 1744 461 1786 Ald.
491 1745 622 1787 codex
651 1743 883 1787 Robortelli
909 1753 951 1785 et
976 1744 1149 1786 fortasse
1174 1745 1242 1785 M.
1272 1744 1362 1796 μήτι
1391 1745 1529 1796 τλαίης
1558 1747 1632 1787 τὰν

170 1811 282 1853 Rob.
303 1827 355 1853 ex
375 1812 612 1866 conjectura
633 1812 830 1869 Sophiani
850 1821 892 1854 et
915 1812 1059 1869 Steph.

226 1879 279 1931 μή
304 1897 341 1921 τι
367 1881 477 1935 τλῇς]
507 1881 685 1921 Sensus:
718 1880 866 1936 Neque
895 1894 995 1921 vero
1016 1881 1206 1936 patiaris
1235 1893 1310 1920 nos
1339 1879 1546 1935 supplices
1575 1880 1630 1920 ab

170 1946 279 1987 hisce
307 1947 476 1988 deorum
504 1948 658 1988 statuis
686 1948 825 1988 invita
839 1948 1023 2003 justitia
1044 1962 1238 2004 equorum
1267 1948 1407 1988 instar
1425 1947 1629 1996 abstrahi,

170 2028 244 2055 nec
262 2015 484 2056 conniveas
505 2016 649 2056 videns
673 2016 875 2056 vittarum
905 2021 1146 2057 nostrarum
1175 2021 1214 2055 et
1241 2014 1463 2070 peplorum
1492 2015 1629 2070 ανιᾲῄ-

171 2082 277 2122 ciose
296 2087 500 2122 tea-torum
516 2082 842 2138 prebens-ionem.
905 2084 1051 2124 Praeco
1070 2082 1177 2123 enim
1199 2082 1308 2123 infra
1328 2097 1370 2123 se
1395 2081 1568 2138 puellas,
1590 2082 1631 2123 ni

173 2157 318 2204 sponte
338 2163 380 2189 se
399 2158 639 2204 sequantur,
656 2149 841 2191 vestibus
862 2167 902 2191 v.
918 2164 1014 2206 903.
1037 2161 1078 2192 et
1098 2150 1255 2207 capillis
1276 2166 1314 2191 v.
1333 2163 1431 2206 909.
1454 2149 1633 2191 abstrac-

173 2222 314 2256 turum
335 2215 527 2258 minatur.
561 2218 693 2258 SCH.

230 2283 365 2339 ἱκέτιν]
392 2284 520 2336 ἱκέτην
541 2284 643 2326 Ald.

229 2363 330 2405 429.
363 2364 461 2406 430.
505 2352 548 2393 in
588 2352 808 2394 dimetrum
848 2352 1130 2410 conjungendi
1169 2352 1472 2405 dochmiacum,
1512 2363 1553 2394 et
1591 2354 1632 2394 in

174 2417 432 2474 antistrophe
450 2432 548 2475 434.
570 2432 671 2475 435.

231 2497 329 2539 431.
356 2486 534 2538 ἱππηδὸν,
557 2488 761 2542 ἀμπύκων]
786 2489 939 2529 Versus
962 2502 1043 2528 non
1067 2488 1318 2544 respondens
1337 2487 1636 2545 antistrophico

175 2552 274 2606 436.
294 2553 432 2604 ὁμοίαν
451 2552 575 2605 θέμιν,
598 2554 674 2595 nisi
694 2556 879 2607 ἀμπύκων
899 2564 1090 2610 correpta
1109 2554 1268 2611 syllaba
1288 2555 1422 2611 prima
1447 2570 1633 2612 pronun-

176 2618 283 2660 ciare
312 2617 487 2674 placeat,
519 2620 633 2676 quod
671 2621 855 2662 Seidlero
883 2620 1040 2677 placuit
1073 2621 1126 2662 de
1151 2637 1256 2663 vers.
1290 2622 1454 2663 dochm.
1489 2637 1533 2678 p.
1564 2634 1635 2677 25.

179 2686 349 2727 ἱππαδὸν
374 2687 547 2743 conjecit
577 2689 897 2744 Bambergems,
925 2687 1082 2729 collatis
1112 2688 1314 2730 similibus
1345 2689 1636 2732 adverbiorum

178 2752 320 2794 formis
359 2756 495 2796 Ζλαδόν
532 2767 574 2796 et
612 2756 819 2806 ὁμιλαδόν.
880 2757 1052 2796 Poterat
1092 2756 1350 2812 probabilius
1391 2757 1551 2809 ἱππηδά,
1591 2767 1639 2799 ut

179 2821 403 2875 καναχηδὸν
433 2821 644 2875 καναχηδά,
673 2822 906 2875 ἀναφανδὸν
936 2822 1149 2876 ἀναφανδά
1178 2833 1220 2865 et
1248 2822 1328 2865 alia
1355 2823 1579 2867 dicuntur:
1614 2841 1639 2867 a

178 2900 264 2941 quo
293 2901 422 2943 prope
449 2887 585 2929 abfuit
615 2888 807 2941 Bothius,
833 2888 907 2945 qui
938 2890 1089 2942 ἱππηγᾶ
1117 2889 1304 2946 conjecit.
1337 2891 1513 2942 ἱππηδὼν
1533 2892 1636 2933 Ald.
