1962 3224
640 133 731 174 AD
763 131 1120 174 SUPPLICES.
1533 130 1616 175 591

148 246 267 293 lavit,
288 260 368 303 qm>
398 245 623 287 vocabatur
652 252 835 302 tempore
854 246 1032 287 Danai.-
1062 244 1172 302 quod
1200 243 1381 286 sollenne
1403 244 1556 300 poetis,
1581 250 1620 285 et

143 313 359 370 praecipue
382 314 575 369 tragicis.
635 314 712 356 Sic
729 313 966 371 Euripides
986 314 1168 355 Danaos
1198 314 1254 355 εἷς
1277 310 1429 365 Ἀργος
1459 312 1621 352 venisse

146 381 261 430 dicit,
282 386 322 422 et
339 380 574 422 condidisse
595 382 656 423 ibi
685 382 829 423 urbem
849 381 1018 433 Inachi,
1040 381 1086 422 id
1105 387 1167 422 est
1188 379 1354 434 Ἄργος,
1373 393 1474 420 nam
1501 380 1621 435 regio

147 449 202 490 ab
221 449 323 490 urbe
340 462 488 490 nomen
506 451 658 492 sortita
677 456 752 492 est.

263 517 392 558 ἐλθὼν
414 517 632 571 (Danaus)
658 519 700 562 ἐς
712 517 866 572 Ἀργος
885 516 994 574 ᾤκισ’
1013 516 1174 571 Ἰνάχου
1194 518 1327 558 πόλιν.

149 585 222 626 Ita
249 585 470 642 Virgilius,

547 664 601 672 —
617 652 848 699 portusque
868 641 1034 698 require
1055 641 1238 691 Velinos,

147 734 200 760 ea·
226 733 407 775 persona
435 734 531 771 sua,
561 735 653 762 cum
684 720 870 762 nondum
900 720 1031 761 Velini
1060 719 1356 762 ‹mena—At
1386 718 1616 760 secundum

148 786 308 843 aliquos
327 787 529 844 Pelasgus
548 798 636 830 erat
656 789 687 830 J
690 788 779 830 ovis
797 788 909 830 filius
929 804 981 830 ex
1004 787 1153 829 Niobe.
1186 786 1380 829 Rhianus
1400 801 1469 843 ap.
1490 786 1616 829 schol.

150 854 295 910 Apoll.
316 855 401 896 Rh.
423 868 465 911 3.
491 856 612 910 1089.
634 856 687 898 de
709 856 925 898 Thessalia
946 856 1148 913 loquens:

264 924 455 976 Αἱμονίην
475 923 506 965 δ’
529 923 686 975 ἐξαῦθις
705 923 774 979 ἀφ’
797 926 972 977 Αἴμονος
991 925 1038 966 ὅν
1056 926 1108 979 ῥα
1127 924 1347 978 Πελασγὸς

263 993 424 1045 γείνατο
445 992 643 1046 φέρτατον
661 993 761 1041 υἱὸν,
784 995 806 1034 ὁ
826 991 859 1034 δ’
881 990 931 1034 αὖ
949 992 1039 1034 τέκε
1060 991 1283 1034 Θέσσαλον
1303 993 1452 1044 Αἵμων,

264 1063 334 1100 τοῦ
352 1059 384 1100 δ’
406 1060 484 1102 ἀπὸ
506 1062 747 1103 Θεσσαλίαν
767 1061 860 1102 λαοὶ
879 1061 1214 1114 μεταφημίξαντο.

151 1137 438 1194 Apollodorus
448 1153 491 1195 3,
503 1140 543 1181 8.
558 1139 850 1193 Ἐπανάγωμεν
865 1141 908 1181 δὲ
925 1142 996 1180 νῦν
1015 1138 1138 1180 πάλιν
1153 1139 1218 1180 ἐπὶ
1232 1138 1302 1180 τὸν
1318 1139 1552 1192 Πελασγόν·
1570 1137 1619 1180 ὃν

150 1205 412 1251 Ἀκουσίλαος
429 1209 504 1260 μὲν
521 1207 619 1252 Διὸς
638 1208 752 1262 λέγει
774 1208 837 1249 καὶ
858 1208 1026 1260 Νιόβης,
1046 1206 1220 1260 καθάπερ
1240 1207 1449 1258 ὑπέθεμεν,
1470 1205 1616 1249 εΗσίο-

151 1277 218 1318 δος
237 1276 280 1316 δὲ
300 1275 535 1330 αὐτόχθονα.
589 1276 673 1328 Qui
694 1277 919 1331 αὐτόχθονα
937 1275 1064 1318 fuisse
1084 1275 1227 1327 velint,
1243 1275 1285 1316 h.
1307 1290 1341 1316 e.
1364 1274 1510 1316 eodem
1531 1275 1619 1318 solo

150 1352 295 1385 natum
316 1343 431 1399 quod
460 1344 646 1393 incoluit,
666 1344 789 1386 iidem
811 1344 1008 1386 videntur
1037 1359 1125 1386 esse
1145 1344 1219 1400 qui
1245 1352 1287 1385 et
1308 1342 1618 1385 Palaechthonis

150 1411 181 1453 f.
204 1411 446 1468 praedicant.
481 1413 706 1455 STANL.

209 1492 306 1535 251.
336 1481 574 1537 Πελασγοῦ]
599 1482 732 1523 Recte
753 1483 960 1523 Canterus
979 1482 1211 1535 Πελασγός.
1245 1480 1382 1537 Cujus
1401 1481 1557 1522 mentio
1576 1489 1618 1522 et

153 1563 193 1589 v.
216 1549 337 1590 1016.

549 1609 814 1660 -οἴκησις
834 1608 877 1649 δὲ
898 1607 961 1649 καὶ
981 1609 1099 1658 διπλῆ
1119 1605 1238 1658 πάρα·

264 1670 335 1722 τὴν
353 1673 429 1724 μὲν
448 1673 677 1727 Πελασγὸς,
698 1674 770 1726 τὴν
790 1675 834 1715 δὲ
854 1675 917 1715 καὶ
935 1674 1054 1716 πόλις
1074 1675 1184 1714 διδοῖ.

153 1750 353 1806 Pelasgus
372 1750 525 1792 dicitur
544 1751 666 1793 etiam
689 1751 843 1793 ovidio
863 1767 936 1793 rex
963 1751 1033 1793 ille
1053 1751 1126 1807 qui
1148 1760 1249 1792 tunc
1270 1750 1468 1806 temporis
1487 1750 1619 1808 Argis

151 1818 354 1874 regnavit,
374 1818 514 1876 Epist.
535 1819 712 1860 Heroid.
739 1834 806 1872 14,
830 1832 896 1875 23.

268 1885 478 1928 Ducimur
499 1886 720 1928 Inachides
742 1887 882 1944 magni
904 1887 983 1928 sub
1003 1896 1111 1928 tecta
1133 1886 1310 1942 Pelasgi.

151 1955 216 1995 At
246 1953 508 2010 Apollodoro
541 1955 751 1996 Helanor.
786 1967 826 2005 2,
859 1968 895 1997 1.
932 1954 1146 1996 Ἐντεῦθεν
1179 1956 1222 1996 δὲ
1253 1955 1349 2006 ἧκεν
1384 1956 1440 1997 εἷς
1467 1953 1620 2008 Ἀργος

154 2022 367 2076 (Danaus)
399 2022 462 2064 καὶ
490 2022 562 2074 τὴν
590 2023 811 2074 βασιλείαν
844 2023 947 2078 αὐτῷ
977 2023 1222 2076 παραδίδωσι
1254 2020 1440 2075 “Ελάνωρ
1475 2023 1497 2063 ὅ
1529 2023 1620 2064 τότε

151 2090 394 2140 βασιλεύων.
446 2090 633 2132 Eusebio
654 2090 839 2132 Gelanor
861 2091 1018 2133 Chron.
1041 2090 1145 2132 Can.
1168 2091 1282 2131 Φασί
1301 2106 1406 2133 τινες
1435 2090 1497 2131 ὅτι
1519 2091 1620 2142 μετὰ

152 2156 355 2199 Σθένελον
382 2156 555 2212 Ἀργους
590 2160 836 2212 ἐβασιλευσε
868 2163 899 2200 Γ
901 2159 1068 2212 ελάνωρ,
1103 2158 1150 2200 ὃν
1182 2157 1361 2212 Ἀργεῖοι
1395 2159 1464 2210 τῆς
1495 2159 1620 2213 ἀρχῆς

151 2226 386 2276 παύσαντες,
411 2227 576 2269 Δαναὸν
595 2229 882 2280 ἐβασίλευσαν,
906 2227 950 2272 ὃς
970 2228 1150 2269 ἐκπεσὼν
1171 2228 1371 2280 Αἰγύπτου
1393 2227 1457 2268 καὶ
1478 2226 1618 2280 κρατή-

154 2309 228 2336 σας
255 2296 325 2335 τοῦ
343 2293 518 2347 Ἀργους
547 2295 710 2349 ἔνυδρον
736 2296 830 2338 αὐτὸ
853 2297 1016 2346 ἐποίησε
1036 2297 1099 2337 διὸΙ
1119 2299 1196 2336 τῶν
1211 2294 1442 2348 λεγομένων
1463 2293 1616 2336 Δαναΐ·

155 2362 245 2400 ὃων.
275 2360 365 2401 Alii
383 2360 436 2402 de
456 2361 546 2418 ipso
569 2363 766 2405 Sthenelo
785 2364 864 2405 hoc
884 2363 1088 2413 referunt,
1110 2362 1183 2419 qui
1206 2361 1405 2404 Gelanori
1426 2362 1468 2403 in
1489 2377 1619 2419 regno

154 2426 376 2482 praecessit.
406 2429 564 2471 Euseb.
589 2430 701 2472 Ibid.
724 2430 931 2485 Κάστορος
949 2432 1040 2484 περὶ
1057 2431 1251 2484 Ἀργείων
1270 2430 1493 2482 βασιλέων.
1537 2435 1619 2472 Δα-

157 2492 250 2537 ναὸς
279 2494 473 2546 κρατήσας
501 2499 570 2537 τοῦ
582 2495 756 2551 Ἀργους
786 2499 849 2540 καὶ
880 2499 1065 2550 ἐκβαλὼν
1090 2498 1292 2539 Σθένελον
1312 2498 1383 2539 τὸν
1405 2498 1619 2551 Κροτώπου

154 2559 349 2614 Ἀργείων
368 2563 648 2613 ἐβασίλευσεν,
672 2566 734 2606 καὶ
754 2566 792 2606 οἱ
811 2566 1004 2618 ἀπόγονοι
1025 2566 1142 2606 αὐτοῦ
1162 2564 1244 2616 μετ’
1262 2565 1396 2616 αὐτὸν,
1423 2564 1620 2606 Δαναΐδαι

156 2630 406 2680 καλούμενοι,
429 2629 489 2671 ἐπ’
510 2631 719 2683 Εὐρύσθεα
747 2633 818 2673 τὸν
838 2631 1041 2673 Σθενέλου
1070 2635 1139 2672 τοῦ
1159 2631 1360 2684 Περσέως.
1394 2632 1618 2674 STANL.

156 2697 289 2737 Recte
311 2697 528 2738 Canterus.
713 2739 726 2746 ,

214 2774 311 2819 252.
344 2763 517 2817 εὐλόγως
546 2765 770 2820 ἐπώνυμον]
797 2765 1011 2822 Significat
1040 2765 1312 2822 Pelasgorum
1341 2773 1510 2821 gentem
1542 2765 1620 2807 hoc

155 2845 305 2873 nomen
325 2846 351 2872 a
371 2846 447 2873 suo
465 2831 595 2889 ipsius
623 2832 732 2889 regis
760 2833 926 2875 nomine
955 2833 1173 2875 derivasse.
1233 2835 1302 2875 Eo
1320 2833 1486 2890 respicit
1508 2834 1620 2876 εὐλό-

156 2916 245 2952 γως.
278 2900 411 2941 SCH.
