1962 3224
359 201 441 242 454
828 204 1320 245 ANNOTATIONES

356 309 460 350 mala
491 310 656 366 publica
687 326 738 352 ex
774 321 955 354 veterum
990 313 1180 369 opinione
1209 323 1424 356 consecuta
1461 330 1560 365 esse,
1595 330 1787 371 agrorum

356 375 622 427 sterilitatem,
649 392 839 432 pecorum
870 377 995 429 luem,
1022 379 1239 421 mulierum
1269 380 1451 431 abortus,
1479 380 1641 422 morbos
1668 380 1789 436 pesti-

355 442 493 484 lentes.
552 443 618 501 Cf:
643 444 861 499 Spanhem.
891 445 944 486 ad
966 446 1126 487 Callim.
1149 447 1308 502 Hymn.
1329 446 1370 487 in
1393 446 1515 488 Dian.
1536 463 1574 487 v.
1600 458 1677 501 125
1699 461 1787 501 sqq.

354 517 394 549 et
417 508 605 564 Sophocl.
630 510 774 566 OEdip.
798 512 902 566 Tyr.
921 527 956 551 v.
979 522 1031 566 25
1049 528 1135 568 sqq.
1167 513 1226 553 Et
1246 513 1301 554 sic
1322 513 1547 570 AEschylus
1566 511 1787 553 Eumenid.

356 589 394 614 v.
507 605 517 616 .

421 584 499 629 797
636 630 767 682 Ὓμεΐς
786 633 828 673 δὲ
847 633 891 684 τῇ
912 635 962 689 γῇ
983 634 1072 690 τῇδε
1091 634 1143 685 μὴ
1162 635 1289 686 βαρὺν
1310 635 1423 675 κότον

638 697 858 751 σκήψησθε,
879 699 930 750 μὴ
953 703 1158 750 θυμοῦσθε,
1179 700 1265 751 μηδ’
1286 701 1478 752 ἀκαρπίαν

636 764 804 814 τεύξητε.

355 839 584 890 δυσφρόνων
614 837 696 879 scil.
729 841 828 879 θεῶν
862 838 946 879 sine
981 838 1108 879 dubio
1141 839 1194 880 ad
1229 840 1434 895 Erinnyas
1472 840 1660 895 pertinet,
1694 856 1789 896 quae

355 903 479 959 paulo
499 913 590 958 post
610 918 645 944 v.
666 903 757 945 280.
779 903 927 945 diserte
947 904 1234 952 nominantur3
1266 915 1307 946 et
1326 905 1390 946 hae
1411 906 1602 946 dicuntur
1620 907 1789 958 δύσφρο-

355 986 431 1016 νες,
454 969 594 1010 eodem
626 969 763 1021 modo,
792 985 877 1025 quo
896 971 1116 1012 Eumenid.
1137 972 1234 1025 381.
1255 980 1453 1012 vocantur
1479 976 1605 1013 κακῶν
1625 988 1668 1013 τε
1692 971 1786 1023 μνή-

352 1052 469 1086 μονες
491 1037 553 1076 καὶ
573 1036 860 1089 δυσπαρήγοροι
878 1041 1050 1090 βροτοῖς.
1084 1038 1214 1079 SCH.
1274 1039 1371 1079 Non
1387 1046 1521 1093 potest
1539 1038 1616 1079 hac
1636 1037 1789 1079 ratione

352 1104 587 1155 μειλίγματα
615 1103 822 1158 explicari,
844 1103 957 1158 quod
987 1104 1028 1144 in
1056 1106 1250 1155 μηνίματα
1281 1104 1454 1146 mutavit
1474 1104 1708 1146 Lobeckius
1736 1104 1789 1145 ad

357 1169 482 1225 Soph.
505 1169 626 1225 Ajac.
650 1179 744 1223 757.
765 1184 808 1225 p.
829 1182 926 1224 340.

413 1237 505 1278 280.
529 1235 822 1290 ἐπαμβατῆρας]
848 1235 906 1277 ἐπ’
928 1237 1152 1288 ἆμβατῆρας
1172 1239 1236 1278 Μ.
1268 1239 1538 1290 ἐπεμβατῆρας
1557 1237 1758 1277 Auratus.

413 1301 500 1358 Ipsi
520 1301 654 1343 Oresti
678 1301 858 1343 minatur
878 1302 1044 1358 Apollo,
1065 1318 1160 1344 eum
1185 1303 1297 1359 lepra
1318 1303 1512 1345 afflictum
1532 1303 1596 1353 iri,
1617 1302 1693 1343 nisi
1717 1317 1788 1358 pa-

356 1379 456 1410 trem
480 1367 707 1409 ulciscatur.
740 1369 956 1418 Quodnam
976 1384 1107 1425 genus
1126 1370 1256 1411 morbi
1277 1370 1341 1411 hic
1364 1369 1613 1425 designetur,
1634 1367 1790 1410 etiamsi

355 1435 396 1475 in
418 1444 538 1490 poeta
553 1434 722 1490 tragico,
737 1450 761 1475 a
780 1451 864 1490 quo
884 1435 1132 1476 medicorum
1155 1435 1418 1477 subtilitatem
1440 1436 1552 1476 haud
1569 1444 1788 1491 exspecteS,

355 1501 498 1542 inutile
517 1501 652 1542 forsan
674 1501 860 1543 videatur
885 1501 1124 1557 disquirere,
1145 1510 1279 1543 tamen
1311 1511 1544 1558 comparato
1566 1501 1673 1543 Celsi
1703 1502 1791 1543 loco

355 1567 407 1608 de
429 1567 583 1608 Medic.
604 1566 629 1608 l.
650 1581 691 1622 5.
711 1583 745 1610 c.
768 1568 836 1608 28.
865 1568 1140 1609 dubitandum
1168 1582 1248 1608 non
1269 1583 1426 1618 censeo,
1448 1567 1547 1622 quin
1569 1567 1618 1608 sit
1639 1566 1790 1622 species

354 1633 576 1690 vitiliginis,
606 1649 701 1689 quae
733 1635 852 1685 λευκὴ
881 1634 1105 1675 dicebatur.
1167 1640 1194 1659 ‘⁶
1216 1633 1383 1689 Vitiligo
1411 1648 1576 1688 quoque
1604 1633 1790 1689 quamvis

352 1715 425 1756 per
457 1715 498 1740 se
530 1699 688 1740 nullum
730 1700 957 1756 periculum
992 1700 1141 1751 adfert,
1171 1709 1307 1742 tamen
1337 1711 1378 1743 et
1406 1701 1517 1742 foeda
1550 1711 1622 1751 est,
1659 1711 1700 1742 et
1737 1717 1789 1742 ex

353 1766 460 1808 malo
493 1767 673 1822 corporis
711 1767 855 1809 habitu
887 1768 945 1808 fit.
1018 1767 1126 1823 Ejus
1165 1777 1246 1809 tres
1285 1768 1435 1824 species
1473 1779 1580 1808 sunt.
1633 1766 1791 1821 Ἀλφος

353 1845 535 1880 vocatur,
558 1833 629 1874 ubi
658 1833 769 1874 color
797 1833 915 1875 albus
943 1843 1017 1885 est,
1037 1834 1123 1875 fere
1149 1835 1358 1891 subasper,
1378 1844 1419 1876 et
1448 1849 1527 1875 non
1557 1833 1787 1883 continuus,

354 1905 404 1942 ut,
433 1901 622 1956 quaedam
653 1901 769 1956 quasi
798 1911 930 1957 guttae
960 1902 1151 1957 dispersae
1176 1917 1262 1943 esse
1281 1901 1511 1942 videantur.
1572 1900 1790 1942 Interdum

354 1968 474 2008 etiam
495 1967 631 2018 latius,
653 1977 694 2008 et
713 1983 806 2009 cum
829 1968 1077 2023 quibusdam
1098 1968 1462 2010 intermissionibus
1481 1967 1617 2023 serpit.
1648 1968 1791 2011 Μέλας

353 2034 486 2075 colore
505 2034 558 2075 ab
578 2034 654 2075 hoc
674 2034 826 2085 differt,
845 2035 940 2090 quia
962 2035 1078 2090 niger
1097 2045 1171 2085 est,
1193 2044 1234 2076 et
1255 2035 1412 2076 umbrae
1432 2034 1587 2075 similis.
1643 2035 1791 2076 Cetera

354 2101 494 2142 eadem
526 2111 633 2143 sunt.
691 2102 819 2153 Λευκὴ
848 2101 972 2142 habet
995 2101 1198 2157 *quiddam
1233 2101 1361 2142 simile
1393 2100 1532 2156 alpho,
1563 2099 1633 2140 sed
1661 2099 1791 2155 magis

353 2167 490 2208 albida
509 2177 583 2218 est,
604 2178 645 2209 et
664 2167 786 2209 altius
805 2167 1014 2209 descendit
1031 2184 1042 2216 ;
1075 2169 1121 2208 in
1140 2182 1265 2224 eaque
1283 2168 1366 2209 albi
1379 2168 1465 2223 pili
1483 2173 1594 2217 sunt,
1615 2173 1653 2207 et
1671 2167 1791 2207 lanu-

347 2236 450 2290 gini
469 2235 633 2276 Similes.
694 2234 843 2275 Omnia
863 2234 951 2274 haec
970 2240 1154 2289 serpunt,
1177 2234 1246 2275 sed
1267 2233 1308 2274 in
1328 2233 1415 2274 aliis
1442 2232 1622 2283 celerius,
1643 2233 1684 2272 in
1703 2232 1791 2273 aliis

354 2300 739 2350 tardius.—Leuce,
761 2314 884 2355 quem
911 2299 1142 2355 occupavit,
1164 2299 1274 2339 haud
1294 2298 1411 2340 facile
1437 2298 1702 2340 dimittit.''—-
1713 2300 1790 2340 Ce-

353 2376 486 2407 terum
507 2366 739 2407 scholiastes
761 2366 884 2407 verba
904 2368 1047 2409 λευκᾶς
1066 2367 1109 2407 δὲ
1130 2366 1271 2418 κόρσας
1290 2365 1368 2422 τῇδ’
1392 2365 1650 2407 ἐπαντέλλειν
1669 2367 1787 2420 νόσῳ,

354 2432 406 2472 de
425 2431 556 2472 morbi
575 2430 796 2487 pertinacia
814 2431 983 2487 accepit,
1004 2431 1073 2486 qui
1098 2432 1283 2472 Orestem
1304 2446 1434 2487 usque
1458 2431 1512 2473 ad
1532 2431 1717 2473 canitiem
1739 2432 1790 2473 sit

353 2507 587 2539 vexaturus.
662 2498 814 2539 Verum
852 2497 919 2539 hic
957 2513 1097 2539 sensus
1130 2498 1266 2540 minus
1298 2509 1421 2555 aptus
1453 2509 1515 2540 est
1550 2500 1698 2551 verbis,
1737 2500 1790 2541 ab

354 2565 556 2621 AEschylo
589 2564 804 2621 diligenter
839 2565 964 2616 lectis,
996 2566 1049 2607 ad
1083 2566 1396 2622 significandum
1432 2566 1632 2622 peculiare
1665 2567 1790 2623 hujus

353 2631 485 2672 morbi
506 2632 732 2683 σύμπτωμα.
767 2633 895 2673 SCH.

412 2697 506 2739 281.
538 2697 707 2750 ἀρχαίαν
735 2698 872 2753 φύσιν]
898 2699 935 2740 I.
955 2714 991 2739 e.
1012 2698 1082 2749 τὴν
1101 2699 1175 2751 πρὸ
1195 2701 1263 2739 τοῦ
1283 2702 1418 2739 νοσεῖν
1438 2697 1678 2738 κατάστασιν
1698 2697 1788 2737 He-

355 2762 495 2818 sychio
507 2762 739 2819 interprete.
768 2765 981 2820 Frequens
993 2774 1053 2806 est
1066 2764 1325 2821 Hippocrati.
1349 2763 1443 2806 vid.
1457 2764 1566 2804 Foes.
1580 2764 1789 2804 (Boon.—

353 2829 520 2870 Aristid.
543 2829 624 2870 vol.
649 2843 683 2871 1.
705 2845 744 2885 p.
764 2832 861 2885 637.
883 2833 950 2881 τῆς
969 2832 1134 2884 ἀρχαίας
1152 2832 1308 2884 φύσεως
1326 2831 1384 2871 ὅτι
1404 2828 1599 2882 ἐγγυτάτω
1628 2828 1790 2881 γενόμε-

355 2912 431 2939 νος.
463 2897 770 2938 ABRESCH.
