1962 3224
382 223 466 262 340
850 223 1344 263 ANNOTATIONES

438 329 591 384 ἆργίας]
615 330 772 383 ἇργείας
787 331 931 372 Guelf.
948 330 1049 372 Ald.
1073 332 1210 383 ἀργίας
1229 330 1261 371 si
1280 338 1387 371 recte
1407 330 1623 386 legeretur,
1640 330 1682 370 in
1694 344 1813 371 versu

380 395 672 451 antistrophico
704 394 854 449 Τρωΐας
884 396 1140 437 scribendum
1170 397 1303 437 foret:
1355 396 1578 437 absurdum
1613 397 1719 437 enim
1754 405 1815 436 est

381 463 517 514 ἀργίας
545 462 791 518 disyllabum
821 462 1091 517 pronuntiari.
1152 463 1231 504 Sed
1263 471 1371 504 recte
1397 462 1663 503 Blomfieldus
1694 463 1815 514 ἀργᾶς

381 528 622 578 emendavit,
652 529 762 583 quod
797 544 847 569 ex
878 528 1034 581 ἀργάεις
1064 538 1123 570 est
1157 536 1423 570 contractum.
1485 529 1550 570 Sic
1578 532 1719 581 ταῦρον
1749 529 1815 580 ἆρ-

379 597 504 646 γᾶντα
525 594 629 635 dixit
650 595 819 636 Pindar.
843 596 1010 651 Olymp.
1031 609 1094 650 13,
1114 609 1180 650 99.
1202 604 1242 636 et
1261 597 1411 636 ὑλᾶντα
1431 594 1531 647 νάπη
1551 610 1626 650 pro
1643 594 1814 636 ὑλάεντα

380 659 605 715 Euripides
625 662 773 702 Helen.
794 675 914 717 1303.

440 728 535 766 116.
558 727 764 782 φανέντες]
786 729 822 768 οἳ
842 727 1032 781 φανέντες
1052 727 1118 769 Fl.

436 792 551 845 χερὸς
571 795 613 833 ἐκ
633 794 879 848 δοριπάλτου]
905 795 950 834 Ε
969 796 1117 835 dextra
1145 807 1273 834 manu
1290 809 1304 840 ;
1335 808 1457 849 quem
1477 807 1620 834 verum
1640 806 1724 833 esse
1745 791 1816 832 ho·-

379 872 470 898 rum
497 858 716 900 verborum
746 875 905 900 sensum
936 860 1093 916 primus
1122 859 1279 901 monuit
1311 860 1581 900 Schneiderus
1608 859 1649 899 in
1672 857 1816 898 Indice

380 924 434 964 ad
473 925 668 980 Xenoph.
711 925 822 966 Hist.
865 927 939 966 Gr.
982 942 1020 966 v.
1060 928 1181 979 Δόρυ.
1244 926 1310 967 Sic
1347 926 1459 982 apud
1500 927 1712 966 Teutonas
1749 924 1816 963 die

379 990 676 1041 Schwertseite,
698 993 909 1033 deoeterum
928 993 1053 1043 latus,
1074 1003 1115 1034 et
1134 993 1304 1048 propius
1319 1008 1392 1034 nos
1405 992 1550 1048 Angli,
1567 993 1631 1033 the
1651 989 1815 1032 8100νά-

379 1070 484 1096 arm.
516 1057 636 1106 Quod
657 1057 711 1098 ad
730 1073 841 1099 oram
862 1058 955 1099 libri
977 1059 1222 1114 Scaligerani
1241 1068 1481 1100 annotatum
1502 1067 1576 1107 est,
1599 1059 1640 1108 ἐξ
1660 1057 1812 1108 ἀριστε-

378 1125 459 1174 ρᾶς,
482 1136 638 1163 merum
659 1123 800 1164 calami
821 1126 980 1180 lapsum
1000 1125 1125 1166 fuisse
1150 1134 1264 1181 puto.
1327 1126 1392 1166 Sic
1423 1128 1477 1168 εἷς
1503 1127 1607 1177 δόρυ,
1627 1124 1815 1164 dextror-

378 1202 486 1237 sum,
518 1189 715 1245 Xenoph.
744 1191 883 1231 Anab.
911 1205 951 1243 4,
982 1205 1023 1245 3,
1058 1204 1122 1246 29.
1157 1192 1270 1232 Hist.
1302 1193 1378 1233 Gr.
1409 1194 1449 1242 6,
1479 1202 1521 1246 5,
1546 1191 1609 1231 18.
1641 1190 1814 1243 Dionys.

381 1254 481 1295 Hal.
500 1267 542 1309 3.
563 1270 603 1310 p.
622 1269 714 1309 190,
734 1269 799 1310 13.
821 1256 879 1297 ἐπ’
903 1259 1048 1299 ἀσπίδα
1067 1272 1164 1298 vero
1184 1259 1482 1300 sinistrorsum.
1514 1257 1607 1298 Vid.
1630 1254 1813 1311 Hesych.

377 1319 419 1360 in
440 1335 481 1360 v.
504 1321 724 1362 BLOMF.
757 1322 990 1374 δοριπάλτου
1012 1325 1148 1364 Turn.
1168 1324 1311 1378 Steph.
1334 1323 1574 1377 δορυπάλτου
1591 1323 1656 1363 Μ.
1674 1322 1739 1362 Fl.
1757 1321 1813 1360 T.

380 1386 490 1427 Rob.
521 1387 783 1439 δορυπάλκτου
805 1389 949 1430 Guelf.
981 1390 1245 1442 ὃορυπάλκτον
1265 1391 1365 1431 Ald.

440 1462 531 1505 117.
570 1453 835 1506 παμπρέπτοις
865 1455 1129 1496 Abreschius.
1175 1456 1418 1509 παμπρέποις
1450 1455 1557 1506 libri,
1589 1455 1663 1496 nisi
1699 1454 1812 1510 quod

378 1519 668 1572 παμπρέποισιν
689 1520 769 1571 Fl.,
791 1522 1086 1574 παμπρέπτεσιν
1106 1525 1162 1574 Τ,
1182 1524 1323 1564 addito
1348 1524 1402 1579 gl.
1426 1523 1670 1576 εὐπρεπέσιν.
1700 1524 1723 1573 ἡ
1751 1522 1812 1562 εὗ-

379 1589 465 1626 θεΐα
484 1586 507 1636 ἡ
526 1586 791 1639 παμπρέπτης.
822 1591 852 1612 “
872 1589 982 1628 Late
999 1591 1241 1645 conspicuis.
1280 1590 1419 1631 Simile
1437 1590 1522 1630 fere
1543 1587 1811 1644 compositum

378 1661 439 1692 est
472 1654 690 1704 εὔπρεπτος,
725 1656 984 1710 conspicuus,
1022 1657 1169 1712 Suppl.
1203 1667 1295 1710 717.
1357 1656 1548 1711 Intellige
1579 1665 1715 1696 autem
1749 1653 1813 1694 vel

380 1719 703 1773 Agamemnonis
722 1720 931 1775 palatium,
955 1721 1018 1762 vel
1038 1722 1295 1763 tentorium.”
1326 1723 1555 1764 BLOMF.

439 1786 531 1825 118.
549 1785 807 1840 βοσκόμενοι]
829 1787 1076 1838 βοσκομένην
1097 1789 1151 1828 Τ.

436 1851 640 1902 ἐρικύμονα
671 1853 723 1892 Τ.
758 1852 897 1908 Steph.
936 1855 1142 1905 ε’ρικύματα
1171 1856 1235 1896 Μ.
1269 1856 1411 1896 Guelf.
1443 1855 1551 1896 Rob.
1584 1856 1720 1895 Turn.
1758 1852 1812 1905 ἐρ’

380 1916 541 1967 ἶκύματα
561 1917 663 1957 Ald.
724 1919 806 1958 Per
824 1920 1074 1970 πολυκύμονα
1093 1920 1268 1976 explieat
1289 1921 1516 1962 scholiasta.

435 1981 620 2037 φέρματι]
643 1983 840 2036 φέρβοντο
864 1986 916 2025 Τ.
941 1986 1084 2040 Steph.
1142 1988 1346 2028 Auctores
1368 1987 1419 2028 de
1446 1987 1593 2043 leporis
1612 1985 1811 2027 foecundi-

377 2057 461 2089 tate
489 2064 514 2089 a
544 2049 722 2090 Stanleio
749 2050 970 2091 laudantur
998 2052 1174 2094 Aristot.
1206 2053 1345 2094 Probl.
1368 2067 1433 2103 10,
1467 2063 1504 2106 7.
1536 2055 1595 2094 Η.
1618 2056 1675 2094 A.
1695 2065 1738 2105 4,
1767 2061 1811 2106 5.

380 2114 583 2155 Herodot.
603 2127 646 2169 3,
670 2116 706 2156 8.
729 2116 906 2172 Oppian.
929 2118 1037 2173 Cyn.
1057 2131 1099 2172 3,
1121 2129 1217 2173 521.
1239 2119 1390 2175 quibus
1410 2120 1574 2175 adjicias
1593 2120 1749 2160 Athen.
1771 2133 1809 2174 9,

378 2196 419 2235 p.
439 2194 534 2232 400.
561 2182 770 2223 Eratosth.
794 2184 991 2224 Cataster.
1013 2199 1053 2239 p.
1074 2196 1141 2226 12.
1170 2186 1231 2226 ed.
1255 2186 1357 2227 Fell.
1380 2187 1527 2227 Horat.
1553 2188 1594 2227 S.
1617 2199 1657 2236 2,
1678 2198 1721 2237 4,
1742 2198 1813 2238 44.

381 2247 602 2288 Foecundae
620 2249 782 2302 leporis.
814 2249 1039 2291 BLOMF.

439 2325 531 2355 120.
550 2313 773 2368 βλαβέντα]
797 2314 993 2356 Refertur
1011 2315 1063 2356 ad
1083 2317 1255 2370 λαγωὸν,
1272 2333 1347 2374 pro
1367 2333 1451 2373 quo
1477 2319 1647 2371 λαγίναν
1665 2317 1812 2371 γένναν

379 2378 496 2418 dixit.
557 2382 584 2403 “
605 2379 785 2419 Verbum
815 2395 909 2420 cum
938 2381 1118 2436 genitivo
1142 2393 1418 2425 constructum
1440 2394 1486 2425 ut
1504 2384 1615 2440 apud
1638 2386 1810 2425 Homer.

380 2445 461 2486 Od.
483 2452 533 2495 A,
553 2457 643 2499 195.
666 2446 773 2486 ἀλλά
792 2462 837 2487 νυ
863 2447 931 2487 τόν
950 2463 997 2500 γε
1020 2450 1102 2490 θεοὶ
1120 2450 1345 2501 βλάπτουσι
1366 2452 1561 2492 κελεύθου.
1581 2451 1811 2506 impediunt

377 2511 495 2551 illum
528 2525 578 2551 ne
608 2512 689 2552 iter
724 2513 938 2567 suscipiat.
1001 2514 1122 2556 Verte
1156 2516 1298 2571 igitur,
1333 2518 1531 2573 impedita
1563 2532 1641 2572 quo
1674 2518 1813 2558 minus

378 2578 570 2617 ultimum
591 2591 758 2618 cursum
774 2580 1052 2633 perficerent.''
1082 2582 1308 2624 BLOMF.

439 2655 530 2685 121.
562 2643 606 2684 τὸ
635 2643 666 2685 δ’
689 2645 746 2699 εὖ]
769 2645 823 2684 Id
849 2646 961 2700 quod
981 2646 1078 2687 felix
1098 2647 1363 2705 faustumque
1382 2658 1456 2690 est.
1518 2650 1635 2691 Infra
1655 2665 1692 2691 v.
1713 2662 1812 2704 349.

379 2710 423 2750 τὸ
444 2709 475 2751 δ’
498 2710 540 2751 εὖ
561 2712 728 2762 κρατοίη.
759 2712 990 2753 BLOMF.

439 2789 530 2819 122.
553 2777 846 2832 στρατόμαντις]
868 2778 1052 2821 Calchas.

436 2843 610 2896 δισσοὺς]
636 2842 904 2884 Scribendum
931 2846 1091 2888 πιστοὺς
1115 2860 1209 2886 cum
1230 2847 1439 2889 Lobeckio
1457 2848 1511 2888 ad
1540 2847 1665 2902 Soph.
1687 2847 1810 2902 Ajac.

383 2919 432 2961 15
445 2921 455 2948 ι
469 2939 478 2948 .
511 2907 577 2948 Sic
595 2908 637 2948 in
656 2908 790 2949 Persis
809 2920 876 2963 55.
898 2912 1090 2966 τοξουλκῷ
1111 2911 1253 2964 λήματι
1271 2914 1430 2957 πιστούς
1448 2913 1553 2955 dixit
1573 2913 1809 2969 AEschylus.
