1962 3224
578 180 669 222 AD
699 180 1234 222 AGAMEMNONEM.
1554 180 1637 225 391

228 297 326 351 967.
346 293 631 351 ὑπερτείνασα]
653 294 898 347 ὖπερτίνασα
918 292 989 334 Fl.
1023 293 1310 346 ὑπερτείνουσα
1330 292 1618 334 Casaubonus.

227 365 330 405 Post
352 361 466 406 κυνός
484 362 604 404 colon
624 370 822 419 ponatur.

227 432 325 487 969.
345 428 473 483 μολόν
493 428 779 471 Blomfieldus.
810 429 949 481 μολών
968 427 1078 470 libri.

226 508 323 553 970.
345 499 444 541 Ζεύς
465 497 675 539 Pauwius.
706 498 807 541 Ζεύς
826 495 858 537 τ’
882 497 939 537 Τ.
964 495 1110 552 Steph.
1143 496 1241 538 Ζεύς
1259 493 1296 549 γ’
1320 495 1546 536 Porsonus.

227 566 294 607 ἀπ’
314 566 513 622 ὄμφακος]
546 567 625 607 Est
655 564 908 621 periphrasis
934 563 1070 606 aestivi
1090 562 1301 620 temporis,
1323 564 1491 620 quando
1506 563 1638 619 Jupi-

166 640 241 685 ter,
272 633 299 674 i.
320 649 358 674 e.
384 648 469 683 aer,
497 647 606 674 uvas
635 639 837 683 maturat,
867 638 916 674 ut
949 646 1002 673 em
1034 633 1091 674 iis
1123 633 1270 673 vinum
1289 633 1392 688 flat.
1444 631 1637 672 Eandem

167 701 386 758 usurpavit
405 710 520 742 vates
532 702 562 741 J
566 700 694 742 esaias
721 701 782 752 18,
798 713 840 756 5.
866 699 924 754 (in
941 699 1077 742 Hebr.
1093 699 1160 742 vel
1179 699 1221 741 in
1237 700 1422 742 versione
1438 699 1636 756 Angliea‚

165 785 261 812 nam
283 769 393 810 inter
413 784 455 810 se
475 768 712 826 discrepant
731 768 994 825 interpretes)
1018 769 1208 824 Prqfiecto
1227 774 1326 810 ante
1353 774 1515 825 tempus
1537 782 1638 809 mes-

165 839 236 889 sis,
257 851 384 894 quum
405 837 636 878 absolutum
665 842 727 878 est
746 850 938 894 germen,
950 838 1119 893 flosque
1144 837 1299 879 abierit
1327 837 1374 877 in
1401 836 1636 893 ompkacem

165 911 518 947 maturescentem.
551 905 785 947 BLOMF.

224 985 320 1028 972.
353 973 495 1026 ἀνδρὸς
524 973 698 1027 τελείου]
736 973 820 1021 Qui
843 973 1072 1029 perfectum
1103 972 1254 1014 reddit.
1306 973 1471 1013 Domus
1494 980 1634 1014 autem

165 1042 350 1098 perfecta
384 1050 490 1091 erat,
519 1039 588 1082 cui
622 1050 827 1096 praeerant
856 1040 1051 1082 dominus
1081 1049 1122 1081 et
1155 1055 1261 1081 uxor
1290 1040 1394 1096 ejus.
1425 1041 1634 1097 -Hesych.

164 1110 340 1152 Τέλειοι.
363 1111 401 1151 οἱ
419 1107 698 1163 γεγαμηκότες.
735 1107 882 1164 (Angl.
906 1109 1146 1165 Complete.)
1188 1109 1347 1150 Contra
1365 1108 1484 1161 δόμος
1502 1110 1634 1161 ἡμιτε-

164 1178 239 1230 λής
254 1177 408 1219 dicitur
428 1178 617 1218 Homero
638 1175 690 1217 Il.
713 1179 756 1217 Β.
779 1185 876 1230 701.
898 1175 1049 1217 domus
1070 1176 1180 1217 unde
1200 1176 1374 1217 maritus
1402 1176 1561 1218 abierat
1580 1176 1634 1217 ad

163 1244 318 1287 bellum
341 1244 591 1301 Trojanum.
635 1243 734 1285 vid.
755 1243 987 1285 Ruhnken.
1010 1243 1063 1285 ad
1090 1244 1300 1285 Timaeum
1331 1260 1374 1301 p.
1401 1256 1496 1299 225.
1518 1243 1636 1287 τέλος

163 1324 302 1356 autem
324 1313 572 1355 dicebantur
591 1311 767 1369 nuptiae.
799 1312 1034 1354 BLOMF.

221 1380 596 1437 ἐπιστρωφωμένου]
619 1380 970 1434 ε’πιστροφωμένου
991 1381 1048 1422 Τ.
1079 1379 1428 1434 ἐπιστρεφωμένου
1449 1380 1515 1421 Fl.

221 1460 321 1506 973.
344 1450 445 1494 Ζεὺς
461 1450 627 1498 τέλειος,
647 1450 821 1506 Jupiter
835 1450 1056 1506 perfia-tor,
1077 1448 1142 1490 vel
1154 1449 1389 1506 prmmbus.
1436 1453 1464 1473 “
1480 1448 1570 1500 Dii,
1590 1449 1633 1490 in

162 1533 342 1575 quorum
363 1518 556 1575 auspiciis
576 1527 618 1560 et
637 1517 767 1560 tutela
788 1526 907 1559 erant
926 1517 1135 1574 conjugia,
1157 1517 1240 1558 θεοὶ
1269 1515 1417 1558 τέλειοι
1440 1516 1634 1559 diceban·

162 1595 259 1628 tur:
291 1587 333 1627 in
355 1586 511 1643 quibus
530 1585 741 1643 praecipue
761 1585 915 1628 cultum
942 1586 1095 1628 scimus
1115 1583 1252 1638 ‘'Hpav
1272 1586 1444 1633 τελείαν,
1466 1601 1492 1627 a
1512 1586 1632 1628 Lati-

162 1654 226 1695 nis
244 1656 456 1696 Junonem
471 1655 708 1712 pronubam
728 1654 897 1696 dictam.
953 1653 1132 1695 Diodor.
1157 1653 1238 1695 Sic.
1259 1664 1302 1709 5,
1327 1666 1394 1708 73.
1415 1655 1634 1707 προθύουσι

164 1724 206 1764 δὲ
226 1721 418 1776 πρότερον
439 1723 611 1767 ἅπαντες
639 1725 693 1779 τῷ
715 1722 786 1764 Διὶ
805 1723 858 1779 τῷ
889 1723 1042 1778 τελείῳ,
1066 1722 1129 1764 καὶ
1147 1720 1258 1777 “Hpq
1287 1722 1462 1777 τελείᾳ.”
1494 1723 1632 1765 Verba

163 1800 261 1832 sunt
282 1790 527 1832 Ruhnkenii
556 1790 583 1832 l.
601 1806 638 1832 c.
681 1790 931 1846 Crinagoras
960 1806 1027 1847 ap.
1058 1789 1236 1831 Dorvill.
1261 1789 1315 1831 ad
1338 1790 1465 1832 Char.
1497 1807 1538 1847 p.
1559 1805 1629 1847 30.

162 1859 230 1910 ἠοῖ
248 1858 306 1900 ἐπ’
330 1859 485 1915 εὐκταίῃ
505 1859 599 1900 τάδε
616 1858 780 1912 ῥέζομεν
802 1860 865 1911 ἱρὰ
884 1860 1024 1914 τελείῳ
1047 1860 1157 1910 Ζηνί.
1189 1859 1372 1900 Eumen.
1391 1872 1488 1912 214.
1502 1858 1635 1913 ‘'Hpas

162 1928 317 1969 τελείας
338 1927 402 1967 καὶ
423 1926 519 1969 Διὸς
539 1926 780 1977 πιστώματα.
814 1926 970 1966 Noster
989 1941 1057 1981 ap.
1079 1924 1205 1966 schol.
1229 1925 1399 1967 Pindar.
1423 1927 1546 1967 Nem.
1570 1941 1633 1979 ιο,

163 2007 233 2050 31.
247 1993 361 2047 Ἴ-Ιρα
380 1996 530 2045 τελεία,
554 1993 683 2046 Ζηνὸς
704 1994 841 2036 εὐναία
862 1992 1001 2047 δάμαρ.
1035 1995 1269 2035 BLOMF.

221 2079 319 2122 974.
341 2067 474 2122 μέλοι]
498 2059 602 2120 μέλῇ
624 2067 692 2109 Fl.

219 2152 280 2175 τοι
302 2135 356 2176 Τ.
388 2151 425 2175 τι
446 2134 587 2191 vulgo.
620 2136 716 2176 Om.
739 2135 805 2176 Fl.

220 2201 446 2257 975—987
459 2201 783 2257 :988—1000.

223 2281 469 2310 1001—101
481 2279 503 2323 7
514 2290 556 2307 =
570 2270 867 2325 1018—1034.

220 2346 320 2391 975.
340 2337 570 2392 Postquam
585 2338 879 2393 Agamemnon
895 2352 990 2378 cum
1007 2337 1168 2394 perfida
1189 2352 1319 2378 uxore
1333 2337 1445 2379 aedes
1459 2338 1631 2391 introiit,

161 2403 325 2455 chorus,
347 2404 592 2461 periculum,
614 2404 727 2461 quod
748 2404 786 2446 ei
811 2404 1051 2462 impendere
1076 2414 1214 2461 putat,
1234 2405 1369 2446 multo
1388 2421 1515 2462 quam
1536 2417 1633 2449 ante

161 2470 312 2512 clarius
331 2472 554 2528 eloquitur.
585 2474 654 2514 Ac
674 2473 854 2529 primum
879 2473 1068 2514 timorem
1091 2488 1212 2514 suum
1233 2488 1286 2514 ex
1305 2472 1376 2514 illo
1394 2474 1634 2515 Calchantis

161 2538 346 2589 oraculo,
367 2539 478 2595 quod
502 2554 630 2597 supra
650 2550 887 2582 narraverat
907 2555 944 2581 v.
971 2553 1050 2584 122
1072 2556 1187 2597 seqq.
1207 2540 1317 2583 vinci
1346 2557 1466 2598 posse
1492 2551 1631 2599 negat.

164 2607 297 2647 SCH.

219 2677 347 2731 τίπτε]
373 2675 474 2717 Vid.
495 2675 549 2718 ad
571 2678 687 2718 Pers.
708 2687 734 2732 5
738 2687 808 2732 54.

219 2745 317 2796 976.
339 2744 496 2799 δεῖγμα]
519 2744 792 2786 scribendum
814 2748 930 2796 δεῖμα
948 2759 1043 2785 cum
1067 2743 1292 2801 Scaligero.

218 2811 507 2864 προστατήριον
538 2813 706 2865 καρδίας,
727 2813 867 2853 Juoeta
889 2813 1134 2868 praecordia
1162 2813 1306 2863 situm,
1332 2821 1374 2854 et
1394 2812 1513 2868 quasi
1537 2823 1634 2855 ante

161 2878 271 2919 fores
291 2879 630 2935 praecordiorum.
664 2879 899 2920 BLOMF.

221 2956 319 3000 977.
340 2946 489 2989 ποτᾶτ’.
511 2947 680 2999 ἄμισθος
697 2945 823 2990 ἀοιδά.
849 2945 859 3004 Ι
883 2951 1124 3000 μαντιπολεῖ
1142 2946 1174 2989 δ’
1196 2947 1436 2992 ἀκέλευστος
1457 2948 1513 2989 Τ.
