1962 3224
412 202 498 243 514
886 203 972 245 AN
975 204 1380 246 NOTATIONES

472 312 693 370 Γοργόνων]
714 315 853 356 Prom.
868 315 963 368 824.
984 314 1333 369 Δρακοντόμαλλοι
1352 312 1544 367 Γοργόνες
1557 315 1848 366 βροτοστυγεῖς.

417 381 543 422 Eum.
580 382 649 433 48.
684 381 736 422 de
775 381 925 433 Furiis,
965 383 1086 424 Οὔτοι
1119 387 1318 435 γυναῖκας,
1355 383 1462 423 ἀλλὰ
1499 378 1696 436 Γοργόνας
1731 377 1849 432 λέγω.

416 448 698 503 Apollodorus
719 462 758 499 2,
778 462 818 502 4.
841 449 950 503 εἶχον
969 451 1011 490 δὲ
1032 451 1072 490 αἱ
1092 448 1283 503 Γοργόνες
1303 451 1478 502 κεφαλὰς
1491 449 1564 500 μὲν
1583 462 1852 499 περιεσπειρα-

415 514 536 566 μένας
555 516 695 568 φολίσι
715 514 945 568 δρακόντων.
989 516 1096 558 Haee
1115 515 1228 557 dedit
1250 515 1467 557 Stanleius.
1517 514 1613 556 Vid.
1633 513 1790 554 Athen.
1810 523 1853 566 5.

418 596 459 637 p.
479 594 572 624 221.
595 583 705 623 Α.Β.
737 583 966 624 BLOMF.

477 662 598 704 1049.
638 649 911 704 φαιοχίτωνες]
951 651 1217 703 φαιωχίτωνες
1247 650 1384 690 Turn.
1420 647 1562 704 Steph.
1613 646 1732 688 Alios
1767 655 1850 687 tro-

415 715 550 757 chaeos
574 716 615 756 in
641 715 840 772 principio
867 716 1012 757 senarii
1039 724 1190 757 stantes
1220 715 1376 756 notavit
1395 714 1629 755 Priscianus
1661 728 1703 769 p.
1729 713 1851 768 1328.

413 781 605 824 laudatus
641 782 693 824 ad
725 782 861 824 Theb.
891 783 988 834 484.
1021 796 1167 837 nempe
1203 780 1317 822 Ἱππο
1342 781 1350 835 Ι
1373 779 1559 832 μέδοντος
1591 788 1632 821 et
1663 779 1828 835 ἈλφεΙ

414 850 584 900 σίβοιαν.
645 848 727 898 Qui
757 856 906 899 tamen,
929 848 960 889 si
979 847 1208 903 incorrupti
1233 857 1342 898 sunt,
1363 847 1586 888 trochaeum
1615 847 1657 888 in
1688 847 1849 900 φαιοχί·

339 936 345 941 ·
412 931 532 958 τωνες
560 929 641 956 non
667 922 858 956 tuentur:
891 914 996 956 hanc
1025 914 1132 956 enim
1158 913 1359 955 licentiam
1388 913 1421 954 si
1450 913 1664 954 sumebant
1693 912 1849 969 tragici,

412 981 626 1023 sumebant
655 980 697 1021 in
727 981 903 1037 propriis
933 989 1092 1022 tantum
1119 979 1374 1022 nominibus:
1406 979 1501 1020 vide
1526 979 1755 1020 Hermanni
1781 979 1849 1021 El.

412 1049 556 1090 Doctr.
580 1049 707 1090 Metr.
728 1062 770 1104 p.
785 1060 855 1103 43.
875 1047 948 1104 qui
968 1057 1102 1089 tamen
1122 1046 1218 1088 olim
1234 1046 1276 1088 in
1296 1046 1374 1088 hoc
1391 1046 1480 1088 loco
1497 1046 1850 1103 pronuntiandum

411 1115 569 1157 censuit
606 1116 896 1170 φαιοκχίτωνες.
947 1117 1104 1157 Contra
1140 1114 1368 1170 analogiam
1409 1123 1551 1170 peccat
1579 1115 1850 1171 compositum

412 1183 650 1236 φαιωχίτων.
698 1181 926 1238 AEschylus
943 1182 1114 1223 fortasse
1142 1181 1302 1238 scripsit
1319 1183 1626 1236 μελαγχίτωνὰς,
1647 1195 1850 1237 gramma-

411 1247 516 1290 ticus
544 1257 680 1290 autem
702 1248 774 1305 qui
794 1249 951 1291 noverit
978 1248 1260 1290 Eumenidum
1280 1257 1411 1290 vestes
1434 1263 1515 1289 non
1549 1248 1685 1304 nigras
1708 1247 1848 1298 fuisse,

381 1349 386 1352 .
410 1315 481 1356 sed
501 1315 647 1372 pullas,
668 1326 809 1358 notare
838 1315 987 1372 potuit,
1011 1316 1133 1369 ἤγουν
1152 1316 1426 1370 φαιοχίτωνας.
1477 1315 1680 1357 stanleius
1707 1314 1849 1356 laudat

410 1384 588 1425 Pausan.
607 1385 646 1434 8,
662 1397 728 1438 34-
751 1384 803 1425 de
823 1383 1051 1434 Eumenisi‚
1067 1385 1207 1428 ταύτας
1225 1386 1294 1427 τὰς
1314 1386 1419 1432 θεᾶς,
1439 1384 1553 1436 ἡνίκα
1571 1383 1641 1425 τὸν
1654 1382 1850 1436 Ὀρέστην

410 1450 584 1504 ἔκφρονα
610 1451 780 1503 ἔμελλον
809 1450 1001 1502 ποιήσειν,
1023 1451 1148 1504 φασὶν
1169 1451 1270 1506 αὐτῷ
1289 1453 1460 1503 φανῆναι
1478 1452 1678 1503 μελαίνας.
1722 1449 1846 1505 Diog.

408 1517 549 1558 Laert.
580 1519 621 1568 6,
657 1530 748 1559 102.
783 1517 835 1559 de
870 1516 1120 1558 Menedemo
1149 1517 1322 1573 Cynico,
1357 1517 1439 1568 oui,
1476 1517 1623 1558 Furias
1655 1516 1846 1567 imitanti,

405 1585 526 1638 χιτὼν
544 1594 630 1626 erat
650 1584 765 1638 φαιὸς
783 1584 962 1637 ποδήρης.
985 1584 1111 1637 (conf.
1136 1584 1253 1625 Suid.
1271 1583 1313 1624 in
1339 1599 1376 1624 V.
1396 1584 1554 1636 Φαιός.)
1595 1583 1785 1625 Strabon.
1806 1598 1846 1640 3.

405 1665 447 1707 p.
473 1660 567 1706 175.
589 1651 641 1692 de
670 1650 810 1692 incolis
837 1650 1145 1702 Cassiteridum,
1165 1651 1238 1706 qui
1267 1651 1407 1692 Furiis
1435 1650 1583 1692 similes
1610 1652 1847 1693 describun-

407 1726 490 1768 tur,
510 1717 812 1772 μελάγχλαινοι,
832 1718 1009 1771 ποδήρεις
1038 1719 1282 1760 ἐνδεδυκότες
1307 1721 1485 1771 χιτῶνας.
1516 1727 1556 1759 et
1575 1719 1753 1759 Eumen.
1773 1731 1845 1773 52.

407 1786 524 1838 φαιός
543 1795 679 1826 autem
701 1794 789 1826 erat
807 1784 918 1826 color
936 1784 1185 1842 compositus
1203 1799 1255 1825 ex
1285 1783 1403 1839 nigro
1421 1793 1462 1825 et
1481 1784 1590 1835 albo,
1609 1786 1741 1841 qualis
1760 1796 1847 1829 erat

405 1851 599 1902 murium,
623 1852 770 1908 (Angl.
796 1852 903 1907 dun)
934 1860 1036 1893 teste
1065 1850 1330 1907 Etymologo,
1353 1866 1475 1907 quem
1501 1851 1600 1894 citat
1631 1853 1844 1895 Stanleius.

375 1937 382 1944 ·
405 1918 636 1960 BLOMF.

461 1985 839 2040 πεπλεκτανημέναι]
869 1986 979 2042 Sept.
1001 1985 1053 2027 ad
1073 1986 1204 2028 Theb.
1225 1999 1322 2042 490.
1342 1985 1502 2040 Ὀφέων
1522 1988 1565 2028 δὲ
1590 1988 1847 2030 πλεκτάναισι

404 2053 635 2106 περίδρομον
665 2053 785 2096 κύτος.
816 2052 898 2094 vid.
922 2068 1044 2109 supra
1075 2055 1169 2105 246.
1200 2052 1420 2105 πλεκτάνην
1450 2053 1596 2095 κάπνου
1624 2054 1730 2096 dixit
1749 2055 1847 2096 Ari-

405 2119 541 2175 stoph.
562 2120 646 2160 Av.
671 2129 792 2172 1714.
820 2119 1042 2172 πλεκτάνην
1061 2121 1180 2174 πυρός
1207 2130 1344 2162 noster
1371 2120 1414 2161 in
1435 2120 1636 2176 Orithyia.
1678 2122 1846 2164 πλεκτά-

406 2203 471 2228 ναι
498 2186 694 2227 dicuntur
722 2186 978 2242 polypodum
1009 2187 1103 2228 cirri
1129 2186 1193 2228 vel
1222 2187 1400 2228 brachia.
1449 2188 1670 2229 Furiarum
1701 2190 1848 2231 intorti

405 2254 568 2310 capillis
595 2266 759 2308 angues
784 2262 1063 2294 memorantur
1091 2252 1231 2294 multis
1257 2253 1299 2293 in
1332 2253 1441 2304 locis,
1471 2269 1497 2294 a
1521 2255 1681 2295 nemine
1709 2264 1846 2297 tamen

405 2329 500 2361 ante
521 2319 782 2375 AEschylum,
804 2318 877 2374 qui
897 2318 1054 2374 primus
1074 2320 1190 2372 σφισὶ
1215 2318 1424 2373 δράκοντας
1444 2321 1628 2372 ἐποίησεν
1645 2322 1742 2372 ὁμοῦ
1761 2326 1846 2364 ταῖς

408 2388 452 2428 ἐν
471 2390 517 2443 τῇ
540 2389 693 2442 κεφαλῇ
713 2385 842 2439 θριξὶν
861 2385 974 2437 εἶναι,
994 2395 1095 2427 teste
1116 2385 1321 2427 Pausania
1348 2399 1379 2436 1,
1403 2386 1470 2428 28.
1492 2402 1517 2428 a
1538 2387 1716 2429 Stanleio
1735 2387 1844 2430 adle-

405 2463 515 2510 gato.
547 2453 774 2495 BLOMF.

470 2533 589 2575 1050.
611 2519 661 2561 ἂν
678 2517 862 2574 μείναιμ’]
884 2517 1098 2571 ἆμμείνοιμ’
1119 2519 1185 2560 Μ.
1209 2519 1319 2560 Rob.
1353 2519 1539 2572 ἀμείνοιμ’
1561 2521 1703 2562 Guelf.
1723 2520 1825 2563 Ald.

468 2599 590 2642 1051.
612 2587 718 2642 ΧΟ.]
740 2586 889 2643 Pyladi
910 2586 1053 2628 tribuit
1072 2587 1127 2627 R.

464 2654 599 2710 πατρί]
619 2655 749 2696 Recte
767 2662 907 2695 monet
927 2653 1133 2704 Butlerus,
1154 2652 1306 2694 idcirco
1324 2653 1451 2708 patris
1473 2654 1718 2696 mentionem
1739 2655 1843 2711 inje-

407 2721 506 2763 cisse
535 2721 720 2772 chorum,
752 2729 799 2762 ut
829 2720 1012 2762 animum
1045 2720 1200 2761 Orestis
1229 2734 1253 2760 a
1279 2719 1618 2776 contemplatione
1651 2730 1844 2764 maternae

404 2788 527 2830 eaedis
545 2787 599 2829 ad
618 2796 807 2843 paternas
825 2787 994 2843 injurias
1013 2795 1233 2828 revocaret.
1291 2788 1452 2843 Nempe
1471 2787 1711 2829 vertendum
1741 2798 1845 2845 puto

406 2858 575 2909 φίλτατε
602 2855 732 2907 πατρί,
754 2854 896 2910 patris
924 2855 1223 2904 amantissime,
1247 2853 1320 2910 qui
1350 2862 1390 2895 te
1419 2853 1527 2910 patri
1555 2854 1842 2898 amicissimum

406 2920 630 2964 ostendisti.
660 2921 889 2963 BLOMF.
