1962 3224
374 208 458 249 438
843 210 1338 252 ANNOTATIONES

373 319 544 360 ἑδωλίων
564 321 710 372 οἴγοντι
740 318 846 360 αὐτά.
879 320 1108 361 BLOMF.
1169 318 1405 368 Scholiasta,
1425 321 1468 358 τὸ
1499 320 1718 370 γυναικεῖον
1747 319 1804 358 αἰ-

373 389 480 427 δοῖον
498 384 622 439 λέγει.
653 387 783 438 ὥσπερ
809 387 860 441 τῷ
893 386 1074 437 ἐπιβάντι
1103 389 1290 438 νυμφικῆς
1319 387 1452 436 κλίνης
1481 385 1548 425 οὐκ
1573 385 1680 425 ἔστιν
1703 386 1807 427 ἴασις

372 452 467 504 πρὸς
487 451 821 505 ἆναπαρθένευσιν
836 455 901 503 τῆς
921 451 1046 505 κόρης,
1062 453 1180 494 οὕτως
1199 452 1287 493 οὐδὲ
1306 453 1358 506 τῷ
1378 455 1497 505 φονεῖ
1510 452 1672 504 πάρεστι
1689 449 1807 503 πόρος

372 519 468 570 πρὸς
486 522 621 559 ἄκεσιν
640 522 707 558 τοῦ
727 517 863 570 φόνου.

429 586 525 639 οὔτι]
554 584 821 625 Scribendum
843 585 930 625 οὔτε
949 599 1042 625 cum
1064 585 1227 625 Bothio.

429 660 496 704 72.
524 651 629 704 ἄκος]
653 652 777 691 Eum.
799 651 894 702 648.
929 650 1057 693 Πέδας
1081 652 1154 702 μὲν
1181 650 1229 691 ἂν
1258 652 1430 700 λύσειεν,
1460 650 1545 691 ἔστι
1573 649 1671 690 τοῦδ’
1700 650 1801 695 ἄκος,

373 717 435 757 καὶ
460 717 578 770 κάρτα
604 717 733 768 πολλὴ
758 717 911 770 μηχανὴ
936 717 1128 769 λυτήριος.
1162 716 1324 769 Ἀνδρὸς
1353 715 1383 756 δ’
1413 718 1568 757 ἐπειδὰν
1598 715 1673 767 αἷμ’
1705 718 1800 756 ἀνα-

373 782 506 834 σπάσῃ
528 782 629 826 κόνις
641 782 772 834 “Ἀπαξ
792 782 989 830 θανόντος,
1012 784 1115 826 οὔτις
1135 784 1211 823 ἐστ’
1235 782 1462 824 ἀνάστασις.
1494 782 1719 822 BLOMF.

427 849 558 905 πόροι]
603 850 838 899 Scholiasta,
878 850 1021 892 πάντες
1059 852 1096 890 οἱ
1134 850 1298 900 ποταμοὶ
1338 850 1391 890 εἷς
1431 848 1474 889 ἓν
1514 847 1802 901 συνερχόμενοι.

374 919 399 938 “
421 916 668 957 Conferatur
690 916 878 971 Sophocl.
901 916 1003 957 OEd.
1023 918 1077 956 T.
1097 927 1216 969 1227.
1240 917 1359 966 Οἶμαι
1374 918 1449 968 γὰρ
1469 914 1545 956 οὔτ’
1568 916 1616 956 ἂν
1630 915 1801 967 Ἴστρον,

371 983 460 1023 οὔτε
492 986 622 1023 Φᾶσιν
651 983 700 1024 ἂν
726 984 858 1036 Νίψαι
888 984 1067 1038 καθαρμῷ
1101 983 1215 1034 τήνδε
1248 983 1317 1033 τὴν
1352 981 1508 1035 στέγην,
1541 983 1617 1022 ὅσα
1654 983 1803 1022 Κεύθει.

373 1048 523 1090 Catull.
546 1050 611 1103 85,
632 1064 671 1100 4.
703 1050 870 1106 Ecquid
894 1051 987 1099 scis,
1013 1056 1211 1105 quantum
1241 1050 1441 1104 suscipiat
1467 1049 1662 1089 sceleris?
1699 1050 1801 1088 Sus-

370 1116 486 1170 cipit,
520 1130 543 1156 ο
585 1117 704 1166 Gelli,
742 1123 946 1172 quantum
984 1132 1067 1157 non
1105 1118 1251 1158 ultima
1296 1117 1467 1171 Tethys,
1502 1116 1600 1156 Non
1634 1116 1803 1170 genitor

370 1182 665 1238 Nympharum
709 1184 840 1224 abluit
881 1185 1076 1224 Oceanus.
1153 1182 1409 1238 Shakspearii
1454 1182 1586 1222 locum
1631 1180 1803 1221 contulit

371 1248 567 1289 Butlerus
583 1266 594 1297 ς
631 1251 694 1290 W
689 1251 737 1290 ill
753 1251 811 1291 all
823 1257 950 1306 great
969 1251 1200 1306 Neptune's
1218 1264 1354 1298 ocean,
1375 1249 1472 1290 etc.''
1502 1249 1729 1288 BLOMF.

427 1328 497 1370 73.
546 1320 742 1370 χερομυσῆ
782 1319 1001 1357 Porsonus.
1051 1319 1268 1370 χαιρομυσῆ
1307 1315 1415 1366 libri,
1456 1330 1505 1356 ex
1544 1330 1628 1370 quo
1666 1315 1800 1354 Turn.

368 1386 571 1436 χειρομισῆ
591 1384 698 1424 fecit.
728 1386 938 1437 χειρομυσῆ
960 1383 1163 1424 Pauwius.

428 1461 493 1502 74.
533 1452 778 1502 καθαίροντες
811 1452 947 1490 ἰοῦσαν
978 1450 1091 1505 ἄτην]
1131 1449 1266 1491 Schol.
1295 1450 1586 1505 interpretatur
1621 1449 1706 1489 ἀντὶ
1736 1451 1802 1499 τῆς

370 1517 552 1568 ἐπιούσης
572 1517 671 1572 αὐτῷ
692 1517 796 1568 ἄτης.
858 1517 1036 1572 Scaliger
1055 1517 1224 1557 ἔλουσαν
1243 1515 1379 1567 μάτην.
1439 1515 1646 1556 Heathius
1668 1514 1802 1568 ῥέουσι

369 1583 504 1634 μάτην,
527 1598 648 1638 quam
665 1584 936 1638 conjecturam
959 1599 1044 1638 prae
1064 1583 1205 1624 ceteris
1224 1582 1476 1623 verisimilem
1493 1582 1654 1638 judicat
1682 1581 1799 1622 Seid-

369 1649 477 1690 ierus
497 1649 549 1690 de
570 1651 681 1690 Vers.
705 1650 879 1690 Dochm.
901 1666 941 1705 p.
961 1652 1052 1705 158.
1077 1650 1146 1691 ubi
1174 1650 1284 1690 hunc
1310 1664 1469 1690 versum
1500 1664 1550 1689 ex
1580 1648 1802 1703 antispasto

369 1732 462 1757 cum
502 1716 690 1756 dochmio
730 1727 912 1757 constare
950 1726 1109 1757 monet:
1158 1715 1628 1768 καθαίροντες-ῥέουσιν
1664 1714 1799 1765 μάτην.

371 1783 638 1838 Musgravius
659 1785 797 1823 ἴθυσαν
815 1783 950 1834 μάτην.
973 1783 1201 1824 BLOMF.
1260 1781 1374 1822 Nihil
1393 1782 1537 1822 horum
1558 1795 1715 1821 verum.

427 1860 492 1903 75.
515 1850 755 1901 ἀμφίπτολιν
776 1849 916 1890 Guelf.
940 1850 1079 1905 Steph.
1101 1858 1155 1900 et,
1176 1859 1223 1890 ut
1242 1848 1419 1897 videtur,
1441 1849 1506 1889 M.
1538 1847 1637 1900 ἀμφὶ
1663 1848 1803 1887 πτόλιν

369 1916 470 1957 Ald.
493 1916 602 1956 Rob.
626 1917 760 1956 Turn.

426 1983 577 2036 ἀνάγκα
607 1983 854 2037 ἇμφίπτολις]
883 1984 1118 2023 Necessitas
1146 1983 1241 2022 urbi
1270 1982 1524 2022 circumdata
1539 1999 1553 2027 ,·
1586 1997 1639 2022 sc.
1671 1995 1800 2036 quum

369 2050 421 2091 ab
452 2050 634 2090 hostibus
663 2049 871 2090 obsidione
903 2059 1021 2104 capta
1052 2058 1166 2089 esset.
1203 2048 1337 2088 Theb.
1372 2060 1465 2101 277.
1497 2048 1566 2089 τὸν
1595 2050 1802 2101 ἀμφιτειχῆ

369 2118 484 2164 λεών,
499 2118 702 2172 populum
724 2118 873 2156 moem‘a
891 2116 1147 2157 obsidentem.
1180 2116 1406 2156 BLOMF.

426 2187 492 2236 76.
516 2185 616 2224 Post
636 2183 908 2235 προσήνεγκαν
927 2197 1084 2223 comma
1104 2193 1292 2237 ponatur.
1353 2180 1625 2222 Parenthesis.

427 2262 494 2304 77.
526 2250 696 2304 δούλιον]
722 2251 881 2291 δουλίαν
902 2249 1180 2290 Blomfieldus.
1242 2247 1500 2289 Probabilius
1530 2248 1706 2288 δούλειον
1725 2258 1799 2298 est,

369 2317 482 2372 quod
506 2318 657 2357 Portus
677 2316 845 2371 scripsit.

427 2384 588 2438 ἐσᾶγον]
629 2385 668 2425 ἐς
706 2384 804 2434 ἆγον
835 2382 935 2422 Ald.
968 2390 1008 2422 et
1047 2381 1176 2422 codex
1212 2380 1450 2422 Robortelli.
1501 2382 1646 2433 ἐσᾶγον
1684 2381 1802 2422 αἶσαν

369 2450 522 2492 dictum
554 2465 628 2505 pro
662 2452 716 2492 εἰς
746 2450 864 2490 αἶσαν
894 2450 1002 2502 ἆγον.
1064 2447 1218 2489 Similia
1252 2458 1347 2488 sunt
1381 2447 1577 2488 εἰσέθεντο
1609 2447 1799 2498 σέλματα,

367 2518 395 2558 i.
416 2533 452 2558 e.
493 2518 626 2558 ἔθεντο
668 2519 722 2559 εἷς
755 2515 944 2566 σέλματα,
980 2514 1090 2569 apud
1127 2514 1275 2569 Eurip.
1313 2514 1410 2556 Hel.
1445 2515 1564 2568 1566.
1605 2515 1801 2555 σκόπελον

371 2585 622 2637 εἰσηνέγκατο
643 2584 735 2623 Ion.
757 2595 876 2636 1434.
899 2583 942 2622 οὗ
963 2582 1010 2634 γέ
1029 2581 1065 2632 μ’
1089 2582 1297 2632 ἐσπέμπεις
1317 2582 1453 2632 δόμους
1474 2582 1598 2621 Herc.
1620 2580 1649 2620 f.
1673 2580 1767 2634 850.

427 2653 493 2704 78.
524 2652 651 2692 δίκαια
675 2651 736 2691 καὶ
759 2650 810 2701 μὴ
838 2649 979 2703 δίκαια]
1003 2648 1236 2697 Scholiasta,
1260 2650 1337 2688 εἴτε
1357 2648 1507 2690 δικαίως
1528 2648 1604 2687 εἴτε
1622 2646 1686 2697 μή.
1718 2646 1801 2686 ἔστι

369 2720 412 2760 δὲ
430 2720 628 2771 παροιμία,
651 2720 783 2757 Δοῦλε
813 2720 1011 2757 δεσποτῶν
1031 2717 1146 2756 ἄκουε
1177 2715 1237 2756 καὶ
1266 2716 1392 2755 δίκαια
1422 2715 1567 2754 κᾶδικα.
1598 2713 1797 2754 Menand.

368 2801 435 2841 ap.
459 2785 576 2826 Stob.
599 2786 665 2826 62.
686 2799 729 2840 p.
749 2785 847 2838 384.
873 2782 985 2834 Ἐμοὶ
1009 2784 1124 2825 πόλις
1148 2782 1244 2829 ἐστὶ,
1269 2782 1329 2822 καὶ
1350 2781 1564 2834 καταφυγὴ,
1587 2780 1649 2821 καὶ
1669 2781 1798 2831 νόμος,

370 2853 432 2893 καὶ
461 2855 528 2892 τοῦ
557 2852 701 2892 δικαίου
731 2854 797 2890 τοῦ
827 2849 857 2889 τ’
889 2851 1020 2890 ἀδίκου
1049 2849 1193 2892 παντὸς
1223 2848 1363 2901 κριτής,
1391 2847 1441 2889 Ὁ
1471 2849 1672 2899 δεσπότης·
1704 2847 1800 2899 πρὸς

369 2922 505 2960 τοῦτον
527 2919 596 2958 ἕνα
616 2921 676 2958 δεῖ
693 2917 763 2967 ζῆν
784 2917 864 2968 ἐμέ.
899 2915 1087 2972 Sophocl.
1110 2916 1213 2956 Ant.
1236 2917 1330 2956 666.
1361 2913 1474 2955 Ἀλλ’
1495 2913 1542 2955 ὃν
1567 2915 1681 2957 πόλις
1709 2914 1799 2964 στή-
