1962 3224
567 167 658 210 AD
689 166 1135 209 CHOEPHORAS.
1502 163 1589 206 505

179 293 278 339 954.
308 283 522 325 Lacunam
552 289 648 339 post
677 281 767 323 haec
799 279 923 322 verba
947 279 1145 321 indicavit
1174 279 1447 320 Hermannus
1472 276 1588 334 apud

123 350 418 392 Bluemnerum
437 349 481 390 in
499 348 640 391 libello
657 347 711 390 de
727 347 894 390 notione
912 346 988 389 fati
1008 362 1050 403 p.
1068 348 1137 402 63.
1175 345 1440 387 Exciderunt
1459 344 1590 400 hujus

120 417 364 475 antistrophi
401 432 542 459 versus
575 416 711 459 ultimi
740 415 828 458 duo
860 415 1149 472 proximaeque
1183 414 1367 471 strophae
1399 412 1589 470 quinque

151 501 256 528 rimi.

120 501 151 544 p
178 554 275 599 955.
294 541 353 584 ἐπ’
375 543 488 597 ὅχθει
508 542 602 593 ἆξεν
624 542 750 595 (ἄξεν’
767 540 994 596 Stanleius)
1017 541 1172 584 ἀδόλως
1191 538 1349 594 δολίαν]
1372 537 1431 580 ἐπ’
1450 540 1590 593 ἐχθρο-

121 610 248 663 ξένοις
272 609 280 667 Ι
305 612 483 652 δόλοισιν
521 611 637 652 δόλια
677 610 961 651 Hermannus.
1022 610 1177 650 Versus
1215 607 1259 648 in
1292 608 1358 648 M.
1401 605 1458 648 sic
1491 615 1590 648 sunt

121 678 240 721 divisi
259 678 445 733 μέγαν-
470 677 476 735 Ι
502 679 654 730 ἄξεν-
677 677 686 733 Ι
710 677 1057 731 βλαπτομέναν-
1082 676 1089 734 Ι
1116 680 1330 719 θεῖσαν-.

179 748 276 803 956.
305 748 444 790 δολίαν
472 746 617 803 Steph.
661 747 797 790 δολίας
824 746 921 788 libri
947 745 1111 802 reliqui.
1163 743 1392 787 Scholiasta
1422 743 1587 784 δολίανε

123 814 194 867 τὴν
215 814 569 867 Κλυταιμνήστραν
587 814 658 865 τὴν
678 815 821 857 δολίως
839 812 1104 866 βλάπτουσαν
1125 812 1189 855 καὶ
1210 812 1276 854 ἐπὶ
1294 811 1424 853 πολὺν
1442 811 1593 864 χρόνον

123 882 194 924 τὸν
223 881 332 924 οἶκον
362 884 565 937 ἐποίχεται
593 883 617 935 ἡ
645 883 742 935 δίκη.
774 884 968 934 ἐπεξῆλθε
992 881 1064 933 τὴν
1093 881 1203 931 δίκην
1235 878 1522 931 βλαπτομένην
1548 879 1593 920 ἐκ

124 952 280 992 πολλοῦ
298 949 505 1003 Ὀρέστης.

183 1028 281 1073 957.
302 1022 588 1072 χρονισθεῖσαν
609 1020 893 1061 Hermannus.
927 1020 971 1060 ἐν
991 1018 1150 1072 χρόνοις
1169 1020 1310 1058 θεῖσαν
1328 1014 1439 1056 libri.

185 1086 282 1141 958.
307 1087 459 1128 Versus
476 1096 711 1143 corruptus,
731 1102 814 1128 non
835 1085 1080 1128 emendatus
1100 1085 1154 1126 ab
1174 1082 1417 1126 editoribus,

186 1155 383 1208 κρατεῖταί
398 1154 498 1210 πως]
522 1159 656 1208 κρατεῖ
672 1154 717 1196 δέ
735 1171 818 1198 πως
838 1155 1008 1203 Portus,
1034 1152 1255 1194 Stanleius.
1299 1154 1434 1205 κρατεῖ
1450 1147 1494 1191 τέ
1512 1166 1596 1193 πως

126 1221 276 1278 aliquis
314 1221 356 1262 in
393 1223 534 1277 Marg.
574 1221 685 1263 Ask.
724 1221 928 1278 probante
962 1220 1164 1262 Elmsleio
1195 1218 1247 1260 ad
1288 1218 1439 1275 Eurip.
1473 1216 1595 1259 Med.

127 1304 172 1346 p.
196 1289 261 1330 86.
283 1304 323 1331 n.
342 1289 416 1345 qui
436 1299 575 1330 monet
597 1298 774 1331 metrum
795 1288 904 1330 idem
926 1304 1014 1330 esse
1033 1288 1162 1345 hujus
1182 1302 1327 1328 versus
1352 1302 1401 1328 ac
1428 1298 1525 1342 957.
1549 1287 1595 1327 τὸ

128 1360 207 1399 πᾶν
228 1359 327 1399 ἰδεῖν
347 1359 511 1399 ἀκοῦσαι
531 1356 769 1411 θρεομένοις.
815 1356 999 1399 Omnino
1019 1355 1122 1397 falsa
1137 1365 1198 1397 est
1220 1355 1452 1397 scholiastae
1471 1353 1597 1396 inter-

127 1424 329 1481 pretati03
363 1423 641 1477 συμβάλλεται
659 1426 730 1466 οὗν
749 1424 793 1466 τὸ
815 1428 924 1466 θεῖον
947 1428 1030 1468 τοῖς
1048 1424 1102 1476 μὴ
1122 1425 1389 1477 ὑπουργοῦσιν
1418 1426 1502 1466 τοῖς
1530 1439 1597 1463 κα-

130 1497 226 1543 κοῖς,
247 1507 321 1533 nec
342 1492 500 1543 melius,
522 1501 570 1533 ut
589 1492 751 1548 opinor,
776 1491 1196 1547 StanleiuS,firmz'ter
1210 1491 1357 1532 statuit
1371 1491 1492 1531 Deus
1510 1503 1596 1530 non

127 1561 331 1618 (pindari
379 1560 517 1601 malis.
577 1561 711 1602 Recte
756 1575 855 1602 vero
896 1560 1122 1611 Heathius,
1161 1560 1397 1616 Imperium
1441 1557 1598 1600 obtinet

127 1629 424 1686 quodammodo
441 1628 647 1670 divinitas
666 1643 719 1670 ex
738 1643 783 1670 eo
803 1630 911 1687 quod
940 1629 1065 1670 mali-3
1093 1642 1262 1684 operam
1291 1641 1377 1668 non
1402 1631 1595 1681 proestat.
1644 1645 1650 1649 ·

130 1697 261 1738 Voces
288 1698 396 1750 παρὰ
424 1696 468 1738 τὸ
498 1696 551 1749 μὴ
579 1698 791 1751 ὑπουργεῖν
824 1701 954 1741 κακοῖς
981 1696 1181 1738 Butlerus
1210 1695 1444 1753 pedestrem
1471 1693 1597 1735 inter-

129 1764 258 1822 pretis
275 1763 500 1806 orationem
520 1780 662 1821 sapere
681 1764 918 1807 arbitratur.
953 1765 1182 1806 BLOMF.

189 1833 286 1887 960.
307 1833 417 1884 ἄξιον
437 1832 627 1874 Bothius.
658 1834 768 1884 ἄξιον
789 1833 822 1874 δ’
842 1832 948 1874 libri.
976 1833 1066 1884 ἄξια
1086 1833 1117 1874 δ’
1140 1833 1426 1873 Hermannus.
1459 1830 1599 1871 Revo-

133 1899 311 1942 candum
338 1899 399 1942 6’:
432 1914 526 1941 nam
554 1899 644 1942 vitii
673 1915 755 1942 non
784 1899 1060 1942 animadversi
1091 1899 1208 1941 sedes
1234 1909 1295 1940 est
1322 1899 1364 1940 in
1391 1897 1598 1955 adjectivo

133 1969 258 2020 ἄξιον.

191 2035 435 2090 οὐρανοῦχον
454 2035 600 2091 ἀρχὰν]
623 2035 865 2085 Scholiasta,
886 2036 975 2079 τοὺς
993 2036 1108 2079 θεοὺς
1125 2034 1150 2087 ἢ
1170 2035 1241 2076 τὸν
1263 2036 1357 2076 Δία.

192 2105 291 2158 961.
310 2102 417 2157 πάρα
435 2103 499 2159 τὸ]
523 2105 629 2156 παρὰ
647 2103 692 2144 τὸ
710 2104 849 2145 Turn.
872 2104 1018 2160 Steph.
1049 2101 1157 2157 παρά
1176 2120 1219 2144 τε
1241 2103 1308 2144 Μ.
1330 2101 1475 2144 Guelf.
1492 2100 1596 2144 Ald.

137 2171 243 2225 πάρα
261 2188 305 2213 τε
320 2170 430 2213 Rob.

192 2239 306 2295 ἰδεῖν]
328 2241 446 2281 εἷδεῖν
466 2238 578 2280 Rob.

192 2309 288 2363 962.
308 2306 414 2361 με’γα
433 2308 590 2349 Portus
609 2317 650 2348 et
671 2308 895 2348 Porsonus.
924 2306 1054 2360 μέγαν
1073 2305 1178 2347 libri.

191 2375 242 2430 τ’]
259 2378 294 2428 γ’
317 2377 483 2416 Portus.
530 2374 689 2432 Aptius
710 2375 741 2417 δ’
764 2374 1047 2416 Blomfieldus.

194 2441 412 2499 ἀφῃρέθην]
442 2441 620 2496 ἀφῃρέθη
641 2442 857 2485 Stanleius.
920 2444 1062 2494 Quum
1082 2441 1198 2484 chori
1225 2455 1307 2483 non
1328 2450 1463 2482 essent
1483 2439 1595 2487 οἶκοι,

136 2510 251 2566 loqui
271 2509 342 2551 vix
361 2510 499 2567 potuit
517 2510 559 2551 in
579 2510 712 2567 prima
730 2526 916 2567 persona.

194 2577 367 2632 ψάλιον]
400 2578 588 2634 Hesych.
610 2582 681 2620 Ψ.;
717 2578 967 2632 κωλυτήριον,
998 2578 1179 2632 χαλινός.
1231 2575 1356 2626 Quod
1385 2574 1441 2616 ad
1469 2582 1599 2615 meta-

138 2646 312 2703 phoram
333 2645 494 2697 attinet,
513 2646 750 2687 conferatur
770 2648 926 2702 Agam.
947 2657 1041 2700 132.
1074 2644 1310 2685 BLOMF.

197 2714 293 2769 963.
323 2713 448 2766 ἄναγε
473 2715 555 2764 μὰν
583 2714 714 2765 δόμοις
739 2712 842 2755 Ald.
874 2712 980 2754 Rob.
1014 2710 1159 2767 Steph.
1193 2709 1285 2764 (sed
1315 2710 1441 2762 ἄναγε
1471 2707 1595 2763 Ald.)

139 2783 216 2825 ἀνὰ
235 2783 362 2835 γεμᾶν
383 2782 522 2822 Turn.
575 2780 698 2832 Quod
719 2779 832 2831 dedi,
851 2779 1124 2822 certissimum
1155 2787 1285 2835 puto:
1319 2777 1433 2825 Quin
1458 2790 1599 2817 resur-

133 2851 255 2906 gam·
290 2850 465 2892 Homer.
489 2848 540 2889 Il.
563 2852 610 2898 Σ,
636 2858 727 2902 179.
749 2847 867 2890 Ἀλλ’
887 2848 977 2896 ἄνα,
999 2845 1083 2899 μηδ’
1112 2846 1170 2888 ἔτι
1201 2849 1323 2887 κεῖσο.
1374 2842 1597 2894 Ηεειῖὴίιιε,

838 2927 907 2969 38
