1962 3224
381 217 467 260 336
855 218 1350 262 ANNOTATIONES

385 329 522 372 Poetis
537 337 675 371 autem
694 344 781 376 mos
800 338 875 380 est,
896 343 1025 385 quum
1054 338 1219 385 tropum
1247 327 1388 384 paullo
1415 328 1670 371 audaciorem
1700 329 1816 371 adhi-

380 396 495 448 bent,
515 396 741 453 epithetum
763 396 896 438 statim
918 395 1156 450 adjungere,
1177 394 1289 450 quod
1309 394 1513 436 notionem
1533 395 1622 449 ejus
1643 396 1816 437 circum-

383 463 530 505 scribat
549 479 596 504 ac
621 462 799 503 definiat.
860 462 945 502 Res
970 460 1167 516 exemplis
1186 460 1354 516 patebit.
1417 462 1468 502 In
1489 462 1697 503 Prometh.
1721 464 1818 505 828.

381 544 534 586 grypas
552 538 668 570 vocat
689 538 824 570 noster
846 528 970 579 Ζηνὸς
997 528 1124 574 κύνας,
1147 527 1425 583 metaphoram
1453 538 1586 570 tamen
1617 530 1816 585 quodam-

382 596 506 637 modo
524 595 704 650 corrigit,
720 594 948 650 adjiciendo
966 595 1157 646 ἀκραγεῖς,
1174 607 1295 635 canes
1314 595 1490 650 quidem,
1506 596 1577 636 sed
1595 610 1715 638 canes
1734 611 1818 638 non

384 664 596 704 latrantes.
620 662 754 703 Theb.
777 664 843 715 64.
872 661 1096 702 exercitum
1117 670 1233 702 vocat
1246 663 1444 717 fluctum,
1466 663 1535 704 sed
1564 663 1704 719 adjicit
1729 681 1819 717 χερ-

383 734 511 770 σαῖον.
531 728 628 770 ibid.
652 729 717 769 82.
739 727 873 784 pulvis
893 727 1042 768 dicitur
1066 729 1255 775 nuntius,
1284 728 1354 769 sed
1381 729 1558 772 ἄναυδος.
1590 729 1699 771 Ibid.
1721 731 1817 785 856.

383 795 602 836 Charontis
620 795 808 851 cymbam
828 793 927 835 dicit
946 795 1122 846 θεωρίδα,
1144 793 1214 834 sed
1235 794 1369 835 statim
1391 794 1553 849 subjicit
1581 798 1654 837 τᾶν
1673 797 1819 847 ἀστιβῆ

380 861 584 910 ’πόλλωνι,
615 861 667 902 ad
698 860 912 902 discrimen
942 875 1048 902 verae
1081 861 1283 913 θεωρίδος-ε
1323 860 1409 902 vid.
1443 861 1625 902 Glossar.
1654 861 1707 902 ad
1742 861 1818 903 loc.

384 927 569 983 Choeph.
590 940 687 982 491.
717 936 869 968 vestem
899 942 983 982 qua
1006 927 1294 982 Agamemnon
1324 925 1504 968 irretitus
1533 936 1632 977 erat,
1655 928 1820 968 Orestes

383 1003 498 1034 vocat
518 993 649 1040 πέδας,
673 993 742 1034 sed
762 993 902 1049 adjicit
922 993 1166 1047 ἀχάλκευτοι,
1181 993 1358 1049 pedica-³,
1378 993 1449 1034 sed
1465 1008 1551 1034 non
1577 1006 1629 1034 ex
1657 994 1820 1034 metallo

363 1061 518 1115 βιαία.
548 1061 676 1103 αἰδοῦς
704 1060 824 1100 etiam
855 1059 1089 1113 ἆχάλκευτοι
1117 1058 1231 1100 πέδαι
1259 1074 1325 1115 ap.
1353 1059 1610 1115 Euripidem.
1669 1061 1821 1100 Noster

381 1126 424 1167 in
453 1127 684 1182 fragmento
712 1141 776 1182 ap.
798 1126 953 1167 Athen.
977 1138 1039 1166 11.
1061 1140 1103 1180 p.
1125 1139 1222 1179 491.
1245 1127 1303 1167 A.
1326 1126 1515 1167 Pleiadas
1542 1135 1662 1167 vocat
1689 1132 1820 1168 πελει-

382 1193 489 1243 άδας,
520 1192 591 1233 sed
624 1202 669 1234 ut
697 1206 722 1233 a
749 1192 947 1234 columbis
981 1191 1222 1247 distinguat,
1253 1192 1392 1248 adjicit
1422 1193 1594 1245 ἄπτεροι,
1621 1192 1682 1234 uti
1711 1200 1821 1234 recte

381 1259 612 1301 observavit
631 1258 872 1300 Athenaeus.
934 1258 1000 1299 Sic
1030 1258 1178 1314 Eurip.
1202 1259 1366 1300 Hecub.
1387 1260 1454 1313 65.
1486 1259 1700 1300 brachium
1730 1260 1819 1300 σκί-

382 1343 493 1368 πωνα
523 1334 653 1376 vocat‚
683 1325 752 1366 sed
789 1325 964 1376 σκολιὸν,
995 1325 1093 1380 quia
1121 1325 1206 1366 veri
1240 1325 1437 1382 scipiones
1466 1325 1566 1367 recti
1596 1335 1705 1375 sunt,
1736 1339 1819 1367 non

381 1393 509 1435 curvi.
541 1392 634 1435 Vid.
663 1391 720 1433 ibi
750 1392 966 1447 Musgrav.
1022 1392 1155 1432 Orest.
1181 1404 1300 1446 1501.
1330 1393 1517 1433 Orestem
1544 1402 1585 1432 et
1617 1390 1819 1448 Pyladem

381 1474 475 1500 cum
516 1458 817 1500 Bacchantibus
855 1464 1078 1514 comparat,
1115 1458 1186 1499 sed
1219 1457 1447 1513 epithetum
1486 1458 1604 1500 addit
1641 1459 1817 1511 ἄθυρσοι,

383 1526 559 1567 Bacchae
577 1526 754 1582 quidem,
777 1539 860 1565 non
881 1530 1017 1566 tamen
1038 1525 1229 1580 propriae
1250 1525 1436 1567 Bacchae.
1488 1524 1586 1566 ibid.
1606 1538 1703 1580 314.
1735 1526 1825 1567 Eu-

383 1591 592 1632 menidum
622 1599 786 1632 caterva
815 1591 953 1634 θίασος
971 1599 1167 1638 vocatum
1202 1590 1271 1631 sed
1294 1605 1424 1645 quum
1452 1590 1540 1632 haec
1559 1606 1639 1631 vox
1662 1590 1828 1648 propria

384 1658 436 1699 sit
458 1657 726 1708 Baccharum,
745 1671 838 1698 cum
858 1671 906 1697 ea
925 1656 1139 1712 conjungit
1157 1656 1407 1710 adjectivum
1429 1657 1685 1711 ἆβάκχευτος.
1743 1659 1828 1699 Eo-

383 1724 477 1766 dem
503 1723 627 1765 modo
652 1731 788 1764 noster
811 1722 967 1764 senium
989 1732 1108 1764 vocat
1136 1724 1245 1776 ὄναρ,
1268 1738 1349 1764 non
1379 1732 1513 1764 tamen
1535 1739 1678 1765 verum
1709 1725 1824 1777 ὄναρ,

383 1792 454 1833 sed
484 1793 579 1844 ὄναρ
607 1791 892 1843 ἡμερόφαντον.
936 1791 1131 1831 Ceterum
1153 1789 1305 1846 Eurip.
1327 1789 1530 1831 Phoeniss.
1551 1791 1674 1845 1538.
1698 1791 1821 1833 (Edi-

383 1858 531 1915 podem
554 1867 672 1898 vocat
693 1858 843 1910 ἀφανὲς
864 1855 1016 1908 αἰθέρος
1032 1857 1206 1903 εἴδωλον,
1220 1854 1280 1896 *H
1302 1855 1417 1897 νέκυν
1437 1857 1608 1909 ἔνερθεν,
1629 1855 1652 1907 ἢ
1671 1857 1823 1898 πτανὸν

383 1926 548 1977 ὄνειρον.
570 1923 639 1964 ubi
663 1922 964 1964 Valckenaerius
992 1922 1090 1963 citat
1116 1921 1331 1978 Euripidis
1351 1922 1521 1963 AEolum
1550 1937 1615 1978 ap.
1639 1922 1752 1964 Stob.
1782 1939 1819 1978 p.

382 2001 478 2045 477.
509 1991 695 2043 Γέροντες
720 1990 832 2031 οὐδὲν
853 1990 974 2041 ἐσμὲν
992 1990 1094 2030 ἄλλο
1119 1990 1225 2040 πλὴν
1244 1990 1376 2042 ὄχλος,
1401 1990 1478 2030 Καὶ
1498 1988 1629 2042 σχῆμ’·
1662 1989 1823 2042 ὀνείρων

383 2057 415 2098 δ’
438 2057 605 2110 ἕρπομεν
623 2055 830 2108 μιμήματα.
875 2055 1069 2097 Similiter
1088 2055 1277 2096 mortales
1295 2055 1486 2096 imbecilli
1505 2055 1700 2096 dicuntur
1719 2057 1821 2097 ὀνει-

382 2124 510 2177 ράτων
534 2123 726 2177 Ἀλίγκιοι
752 2126 955 2176 μορφαῖσι.
977 2122 1187 2164 Prometh.
1206 2131 1305 2176 457.
1325 2131 1366 2163 et
1391 2122 1576 2174 ἰσόνειροι
1602 2121 1702 2164 ibid.
1724 2125 1821 2177 564.

385 2191 613 2232 BLOMF.
674 2189 801 2230 Adde
821 2190 947 2230 Eum.
969 2200 1062 2244 115.

442 2257 510 2312 85.
540 2257 594 2298 Τί
614 2256 749 2311 χρέος]
782 2255 893 2304 Quid
920 2256 983 2296 rei
1008 2255 1101 2296 est?
1131 2254 1280 2310 Eurip.
1313 2254 1478 2296 Heracl.
1500 2255 1567 2309 96.
1596 2254 1650 2295 Τί
1674 2253 1819 2308 χρέος;

385 2322 527 2379 Apoll.
565 2322 701 2363 Rhod.
732 2335 776 2376 3,
802 2333 867 2363 12.
902 2321 956 2361 Τί
983 2321 1123 2374 χρέος;
1154 2321 1200 2371 ἠὲ
1232 2322 1352 2362 δόλον
1382 2338 1469 2363 τινα
1500 2319 1822 2373 [uicem—Idem

384 2389 492 2430 valet
511 2390 551 2430 τί
576 2392 728 2443 χρῆμα;
772 2387 981 2428 Prometh.
1004 2388 1096 2442 298.
1118 2387 1265 2442 Eurip.
1291 2387 1404 2444 Cycl.
1427 2401 1493 2442 99.
1526 2386 1701 2443 Hippol.
1723 2399 1820 2441 919.

387 2456 532 2512 Suppl.
554 2469 648 2510 103.
670 2454 847 2495 Theocr.
873 2466 940 2503 21,
965 2463 1029 2507 25.
1057 2454 1287 2495 BLOMF.

443 2524 508 2576 87.
539 2521 686 2577 πειθοῖ]
718 2523 836 2562 πυθοΐ
862 2519 975 2560 Flor.
1011 2535 1105 2575 quae
1138 2520 1331 2562 Pearsoni
1363 2520 1485 2562 etiam
1518 2530 1557 2561 et
1590 2519 1822 2561 Casauboni

384 2590 618 2646 conjectura
646 2597 909 2636 memoratur,
934 2586 1004 2627 sed
1034 2585 1151 2636 falso,
1181 2595 1227 2626 ut
1256 2586 1414 2643 opinor,
1435 2602 1511 2642 pro
1539 2590 1690 2636 πευθοῖ,
1711 2585 1824 2640 quod

385 2656 619 2711 reciperem,
641 2653 682 2694 ni
702 2653 871 2708 vulgata
890 2651 1008 2693 lectio
1028 2666 1188 2692 sensum
1210 2652 1305 2693 satis
1331 2652 1590 2694 commodum
1611 2652 1821 2708 praeberet.

387 2722 522 2763 Theb.
544 2723 643 2777 366.
666 2723 806 2761 Πευθῶ
826 2717 896 2760 τιν’
917 2718 1020 2770 ἡμῖν,
1042 2717 1072 2759 ὦ
1092 2719 1220 2771 φίλαι,
1244 2718 1338 2760 νέαν
1358 2718 1484 2772 φέρει.
1535 2718 1649 2759 Male
1674 2717 1823 2773 legitur

384 2789 503 2830 πειθὼ
518 2803 595 2844 pro
609 2785 736 2829 πευθῶ
750 2785 864 2842 apud
880 2784 1150 2842 Hesychium.
1173 2786 1333 2829 Πύστις.
1364 2786 1388 2837 ἡ
1408 2786 1538 2827 πειθώ.
1570 2783 1662 2825 Vid.
1684 2792 1823 2825 notata

384 2855 438 2896 ad
461 2855 599 2895 Theb.
618 2865 687 2908 54.
718 2852 946 2894 BLOMF.
1008 2853 1147 2902 Quum
1167 2851 1365 2892 librorum
1384 2851 1460 2892 hac
1480 2851 1522 2891 in
1542 2865 1586 2891 re
1601 2849 1823 2891 auctoritas

386 2920 500 2962 nulla
520 2921 585 2972 sit,
605 2918 907 2976 praeferendum
928 2917 1091 2959 videtur
1110 2917 1223 2973 quod
1242 2917 1379 2973 aptius
1398 2916 1553 2958 dictum
1580 2924 1640 2956 est
1659 2919 1810 2959 πευθοΐ.
