1962 3224
671 177 763 219 AD
794 177 1238 221 CHOEPHORAS.
1608 181 1687 224 461

278 293 377 346 361.
407 291 664 344 πεισίβροτον
695 290 906 332 Pauwius.
943 293 1232 345 πεισίμβροτον
1261 291 1400 348 vulgo.
1433 296 1461 317 “
1479 295 1689 346 πεισίβρο-

221 374 302 409 τος,
340 359 423 402 Cui
456 359 641 400 homines
671 373 827 416 parere
855 359 998 401 solent.
1048 359 1240 413 βάκτρον,
1274 365 1485 416 sceptrum
1518 362 1661 417 regale
1676 378 1690 402 :

221 426 305 469 vid.
328 428 502 469 Homer.
526 426 648 469 Iliad.
670 431 718 469 A.
742 438 837 484 237.
860 429 1017 485 Agam.
1037 441 1129 483 195.
1158 428 1288 482 χθόνα
1306 427 1494 481 βάκτροις
1513 430 1691 482 ἐπικρού-

222 512 371 539 σαντας
388 495 631 549 Ἀτρείδας.”
661 497 897 538 BLOMF.

275 565 375 619 362.
395 563 567 619 Τρωΐας]
590 563 756 618 Τρωΐοις
778 566 1062 606 Hermannus.
1120 567 1149 589 “
1172 564 1335 605 Locum
1357 574 1468 606 recte
1487 564 1691 607 intellexit

218 631 435 674 scholiasta
446 649 459 685 3
489 637 721 687 γυναικικῶς
740 634 831 675 οὐδὲ
850 634 973 689 τούτῳ
994 632 1216 686 ἀρέσκεται,
1234 633 1344 674 ἀλλὰ
1362 634 1460 685 μηδὲ
1475 633 1548 685 τὴν
1562 634 1691 688 ἀρχὴν

219 701 452 758 ἀνῃρῆσθαι,
487 701 514 743 i.
547 718 584 743 e.
617 701 788 744 Electra
820 716 932 752 vero,
971 700 1085 742 velut
1118 701 1287 752 femina,
1320 716 1372 743 ne
1405 701 1483 743 hoc
1517 701 1688 758 quidem

219 769 378 811 Orestis
396 779 540 812 votum
562 772 726 827 probat,
749 769 900 812 scilicet
920 780 968 811 ut
988 776 1107 826 pater
1134 770 1230 811 olim
1262 780 1358 811 ante
1389 770 1563 827 Trojam
1596 785 1686 812 suc-

218 837 455 888 cubuisset;
490 838 561 880 sed
582 839 722 896 potius
741 838 820 880 hoc
842 838 918 879 sibi
946 837 1198 894 placiturum
1223 838 1350 880 fuisse
1370 837 1485 889 dicit,
1508 838 1540 879 si
1571 848 1690 895 pater

217 906 387 948 omnino
405 907 586 949 intactus
605 906 812 958 evasisset,
827 906 1111 947 interfectores
1130 915 1270 947 autem
1292 906 1408 963 prius
1427 906 1686 956 interissent3

220 984 266 1016 ut
281 975 431 1026 fatum,
449 975 566 1032 quod
581 985 755 1017 mortem
777 974 827 1016 iis
845 973 1046 1023 intulerit,
1063 989 1087 1015 e
1101 973 1331 1031 longinquo
1350 974 1514 1031 aliquis,
1537 975 1686 1016 harum

217 1044 499 1087 calamitatum
531 1060 694 1102 expers,
714 1043 978 1086 audivisset.”
1008 1043 1244 1085 BLOMF.
1303 1044 1586 1086 Continuatur
1610 1044 1688 1087 hac

217 1112 390 1170 stropha
410 1113 569 1155 Orestis
589 1113 720 1154 oratio
740 1113 793 1155 ab
814 1112 943 1155 choro
962 1111 1234 1168 interpellata.

273 1182 374 1237 364.
395 1182 549 1236 τείχεσι
570 1180 794 1223 Heatbius.
825 1180 1009 1235 τείχεσσι
1027 1180 1135 1222 libri.

273 1252 372 1305 365.
394 1250 548 1305 ἄλλων]
575 1250 690 1306 ἄλλῳ
713 1248 936 1291 Stanleius.

273 1317 486 1373 δορικμῆτι]
510 1317 784 1359 Scribendum
805 1319 1027 1370 δουρικμῆτι
1046 1331 1141 1359 cum
1163 1316 1428 1359 Blomfieldo.

272 1386 374 1442 366.
410 1385 602 1442 τέθαψαι]
637 1385 910 1428 Scribendum
945 1385 1141 1439 τεθάφθαι
1171 1401 1267 1427 cum
1302 1385 1513 1427 Ahrensio
1546 1401 1587 1443 p.
1621 1389 1686 1429 16.

216 1454 319 1496 Post
340 1453 418 1495 hoc
438 1454 614 1496 verbum
631 1468 793 1496 comma
815 1461 1008 1509 ponatur.

271 1522 372 1578 368.
413 1522 495 1580 νιν]
537 1523 722 1564 Notetur
760 1521 959 1564 transitus
993 1521 1047 1564 ab
1086 1521 1268 1564 secunda
1301 1535 1479 1578 persona
1508 1521 1563 1563 ad
1602 1530 1685 1564 ter-

215 1590 330 1631 tiam.

271 1660 370 1714 369.
401 1660 519 1701 Ante
549 1660 828 1713 θανατηφόρον
858 1657 1013 1700 excidit
1043 1658 1293 1700 vocabulum
1323 1673 1420 1700 cum
1451 1659 1686 1715 praeceden-

215 1726 327 1768 tibus
347 1726 562 1769 infinitivis
582 1727 851 1783 conjunctum
869 1744 878 1768 :
912 1726 1026 1783 quod
1048 1727 1284 1769 notavimus
1298 1726 1355 1769 ad
1372 1742 1413 1768 v.
1429 1740 1529 1783 350.
1547 1727 1684 1770 Schol.

215 1798 407 1848 δαμῆναι;
439 1796 570 1837 λείπει
589 1795 635 1836 τὸ
655 1796 830 1849 ὤφελον·
862 1796 938 1849 πρὸ
959 1799 1028 1836 τοῦ
1049 1796 1266 1837 ἀποθανεῖν
1286 1796 1358 1837 τὸν
1376 1795 1541 1849 πατέρα.

271 1875 372 1918 370.
393 1863 574 1918 πρόσσω]
598 1863 872 1904 Scribendum
895 1864 1031 1917 πρόσω
1052 1878 1147 1905 cum
1171 1864 1436 1905 Hermanno.

273 1930 376 1986 τινὰ]
398 1930 586 1972 Pertinet
605 1930 658 1972 ad
680 1930 891 1972 Electram
913 1941 954 1973 et
976 1932 1180 1973 Orestem.
1213 1932 1281 1972 SC
1289 1932 1348 1972 H.

272 2008 326 2054 37
334 2011 371 2041 2.
397 1999 610 2051 κρείσσονα
635 1997 808 2054 χρυσοῦ]
830 1998 1069 2040 An‘stotelis
1091 2000 1253 2055 Hymn.
1274 1998 1316 2039 in
1339 1998 1559 2049 Hermian,
1582 2003 1685 2050 Χρυ-

214 2069 288 2107 σοῦ
308 2082 352 2107 τε
373 2066 528 2119 κρέσσω
550 2066 614 2107 καὶ
633 2066 798 2120 γονέων.
832 2067 1024 2108 Catullus
1045 2081 1140 2122 105,
1161 2080 1202 2122 3.
1223 2068 1420 2124 nobisque
1449 2068 1523 2109 hoc
1542 2069 1687 2109 carius

212 2149 333 2176 auro.
365 2133 525 2175 Tibull.
548 2147 585 2184 1,
608 2134 646 2175 8.
670 2134 827 2176 Carior
847 2142 908 2176 est
934 2149 1043 2176 auro
1057 2136 1254 2191 juvenis,
1275 2136 1345 2176 cui
1374 2135 1485 2176 levia
1496 2136 1686 2193 fidgent

218 2205 322 2244 Ora.
366 2204 534 2244 STANL.
597 2202 839 2259 Comparari
874 2213 1010 2259 potest
1046 2202 1201 2245 locutio
1234 2203 1504 2259 proverbialis
1537 2203 1687 2258 χρυσὸς

215 2272 320 2323 δόξει
343 2271 456 2322 εἶναι,
478 2285 633 2312 aurum
662 2271 873 2312 videbitur
893 2285 987 2327 prae
1005 2271 1105 2312 aliis
1123 2272 1261 2313 malis.
1283 2271 1388 2313 Euri
1395 2288 1434 2327 p.
1458 2273 1564 2313 Tro.
1584 2285 1683 2327 432.

213 2337 290 2382 Ὠς
318 2339 468 2392 χρυσὸς
497 2339 599 2394 αὐτῷ
628 2339 732 2391 τάμὰ
762 2339 824 2380 καὶ
853 2342 1022 2393 Φρυγῶν
1043 2341 1142 2380 κακὰ
1165 2341 1286 2391 Δόξει
1306 2339 1390 2381 ποτ’
1415 2340 1526 2382 εἶναι.
1587 2339 1684 2382 Vid.

217 2405 508 2447 Hemsterhus.
529 2407 581 2447 ad
604 2406 780 2448 Lucian.
805 2407 1008 2463 Necyom.
1028 2421 1063 2448 1.
1086 2423 1128 2464 p.
1149 2409 1247 2461 460.
1281 2408 1510 2450 BLOMF.

272 2484 369 2529 373.
409 2472 677 2527 Ὑπερβόρεος
714 2475 832 2529 τύχη]
877 2476 944 2516 De
978 2474 1173 2517 felicitate
1205 2476 1580 2533 Hyperboreorum
1621 2491 1686 2519 res

215 2550 326 2582 nota.
386 2541 645 2597 Pomponius
667 2541 782 2583 Mela
802 2556 847 2598 3,
868 2554 910 2598 5.
940 2543 1125 2585 Diutius
1147 2559 1272 2600 quam
1291 2545 1369 2585 ulli
1387 2545 1627 2586 mortalium
1648 2551 1687 2586 et

216 2609 376 2649 beatius
397 2610 560 2650 vivunt.
593 2609 660 2651 Cf.
683 2610 859 2651 Gesneri
883 2610 936 2651 de
965 2611 1301 2666 navigationibus
1330 2621 1449 2653 extra
1474 2612 1686 2654 columnas

218 2675 415 2717 Herculis
450 2676 641 2718 Praelect.
675 2690 715 2719 2.
749 2678 792 2718 in
827 2679 1013 2735 ejusdem
1047 2679 1241 2735 Orphicis
1275 2695 1317 2735 p.
1347 2681 1446 2733 467.
1490 2681 1685 2722 Scmrrz.

216 2744 591 2802 Hyperboreorum
628 2743 865 2786 felicitatem
900 2746 1089 2802 depingit
1122 2747 1331 2788 Pindarus
1362 2747 1490 2804 Pyth.
1518 2762 1583 2800 10,
1611 2758 1685 2804 57.

217 2817 358 2855 Μοῖσα
377 2811 408 2853 δ’
431 2812 500 2854 οὐκ
525 2813 722 2864 ἀποδαμεῖ
743 2812 750 2868 Ι
777 2815 933 2866 τρόποις
961 2815 1026 2855 ἐπὶ
1051 2814 1297 2868 σφετέροισι·
1330 2815 1472 2877 πάνΙτα
1502 2817 1545 2857 δὲ
1573 2817 1688 2870 χοροὶ

216 2881 424 2935 παρθένων
451 2880 458 2936 Ι
484 2883 609 2934 λυρᾶν
629 2897 671 2922 τε
690 2881 787 2933 βοαὶ
808 2883 982 2936 καναχαί
1000 2881 1034 2922 τ’
1060 2883 1192 2924 αὐλῶν
1213 2882 1430 2925 δονέονται·
1458 2883 1465 2940 Ι
1491 2883 1624 2940 δάφνᾳ
1643 2901 1687 2927 τε

214 2948 366 3004 χρυσέᾳ
396 2949 515 3002 κόμας
539 2948 547 3005 Ι
573 2948 844 3002 ἀναδήσαντες
874 2949 1210 3003 εἶλαπινάΙζουσιν
1231 2951 1446 3004 εὐφρόνως.
1475 2949 1483 3008 Ι
1509 2953 1623 2995 νόσοι
1653 2940 1686 2994 δ’
1762 2988 1766 2992 .
