1962 3224
573 179 664 222 AD
695 178 1136 222 CHOEPHORAS.
1510 175 1592 219 511

129 297 298 350 θήσομαι
315 298 452 348 βωμοῦ
470 293 610 338 πέλας.
657 292 878 350 Aristoph.
898 291 1014 333 Plut.
1043 302 1137 333 112.
1159 290 1216 332 Σὺ
1246 289 1293 338 δ’,
1317 291 1369 334 ὧς
1399 289 1450 331 ἂν
1474 292 1591 342 εἰδῇς,

130 365 208 406 ὅσα
235 362 324 417 παρ’
345 364 448 416 ἡμῖν,
469 361 518 414 ἢν
546 360 678 418 μένῃς,
701 359 884 412 Γενήσετ’
907 361 1053 414 ἀγαθὰ,
1081 360 1260 414 πρόσεχε
1285 358 1358 400 τὸν
1388 361 1496 408 νοῦν,
1528 360 1595 400 ἵνα

129 432 243 488 πύθῃ.
281 431 417 488 Supra
436 443 533 486 433.
554 429 862 483 Ἐμασχαλίσθη
883 429 932 476 δ’,
956 428 1007 471 ὡς
1027 426 1106 469 τόδ’
1130 427 1247 484 εἰδῇς.
1280 428 1515 469 BLOMF.

186 498 277 554 ὅπη]
308 499 398 540 ὅποι
425 497 710 540 Blomfieldus.
750 495 915 539 ““Οποι
943 500 1063 538 τελεῖ.
1085 497 1156 538 Ad
1173 510 1291 553 quem
1305 497 1446 551 finem
1471 496 1591 537 deve-

127 567 256 608 nient.
300 566 439 607 Theb.
461 568 557 622 656.
577 565 678 620 Τάχ’
701 566 918 618 εἰσόμεσθα
936 563 1121 616 τᾶπίσημ’
1144 565 1220 616 ὅπη
1250 567 1372 606 τελεῖ.
1418 563 1522 604 Ald.
1551 573 1593 605 et

129 634 240 676 Rob.
261 635 367 686 ὅποι,
388 635 501 691 quod
530 633 756 691 repositum
778 633 914 675 velim.
964 631 1113 689 Suppl.
1137 633 1234 674 611.
1251 630 1426 674 Ἔνισπε
1447 630 1478 673 δ’
1499 633 1592 684 ἡμῖν

127 707 200 744 ποῖ
217 704 425 756 κεκύρωται
444 702 569 754 τέλος,
599 702 735 755 Δήμου
761 704 957 755 κρατοῦσα
985 701 1073 755 χεὶρ
1103 702 1194 742 ὅποι
1219 700 1475 752 πληθύνεται.
1507 699 1589 740 vid.

129 786 255 827 supra
273 784 371 826 521.
418 771 538 811 Infra
561 772 684 813 1062.
725 769 878 826 Eurip.
905 769 1010 810 Tro.
1039 769 1158 824 1036.
1191 768 1240 809 ἵν’
1262 769 1366 824 εἰδῇς
1395 769 1437 809 οἳ
1452 773 1590 810 τελευ-

128 838 234 891 τήσω
253 839 417 893 λόγον.”
448 839 678 880 BLOMF.

190 919 313 950 1022.
343 906 623 961 ἡνιοστρόφου]
662 904 934 946 Scribe-ndum
974 905 1224 958 ἡνιοστροφῶ
1264 918 1358 945 curn
1395 903 1588 946 Stanleio.

129 975 280 1032 Eurip.
299 975 449 1016 Phoen.
474 975 564 1027 176.
586 972 691 1027 ἅρμα
709 973 855 1014 λευκὸν
874 973 1143 1026 ἡνιοστροφεῖ.
1176 971 1461 1023 Substantivo,
1482 973 1588 1024 ἡνιο-

130 1043 315 1095 στρόφος,
338 1041 471 1084 utitur
492 1040 715 1097 Sophocles
736 1039 804 1081 El.
827 1053 922 1096 731.
970 1042 1168 1082 Ceterum
1198 1041 1406 1082 Stanleius
1432 1041 1591 1082 confert

131 1111 272 1152 Prom.
303 1110 402 1164 908.
426 1108 533 1161 Ἔξω
565 1110 607 1150 δὲ
640 1109 781 1161 δρόμον
806 1107 992 1162 φέρομαι,
1020 1110 1175 1160 λύσσης
1204 1109 1407 1162 Πνεύματι
1438 1097 1591 1166 μάργῳ,

131 1178 318 1232 γλώσσης
337 1177 514 1230 ἀκρατής.
546 1177 778 1218 BLOMF.

191 1257 314 1298 1024.
350 1245 495 1301 φόβος]
530 1244 750 1302 Ingeniose
776 1243 913 1285 locum
941 1243 1107 1285 refinxit
1136 1243 1384 1296 Schutzius;
1417 1244 1514 1298 πρὸς
1548 1246 1592 1286 δὲ

130 1314 264 1369 καρδίᾳ
294 1315 406 1357 κότος
423 1311 578 1355 Ἀιδειν
608 1313 772 1364 ἕτοιμος,
797 1313 821 1364 ἡ
852 1312 884 1353 δ’
910 1313 1170 1366 ὑπορχεῖσθαι
1199 1314 1332 1368 φόβῳ.
1395 1313 1461 1355 Sic
1495 1315 1589 1355 161.

129 1383 306 1436 ὀρχεῖται
326 1383 368 1423 δὲ
400 1382 536 1436 καρδία
567 1382 698 1437 φόβῳ.
750 1381 893 1422 Prom.
928 1380 1025 1434 906.
1060 1380 1210 1432 Κραδία
1242 1382 1284 1421 δὲ
1315 1382 1432 1437 φόβῳ
1461 1380 1591 1435 φρένα

127 1450 312 1500 λακτίζει.
375 1449 456 1491 Sed
481 1464 612 1506 quum
636 1448 806 1504 vulgata
836 1461 998 1488 sensum
1030 1446 1143 1488 haud
1173 1447 1363 1504 ineptum
1393 1449 1590 1499 fundant,

129 1516 229 1558 nihil
250 1517 421 1559 mutavi.
484 1515 659 1558 Proclus
680 1515 914 1557 Chrestom.
937 1530 976 1571 p.
999 1525 1098 1570 345.
1118 1514 1351 1570 Ὕπόρχημα
1377 1518 1420 1558 δὲ
1443 1517 1487 1558 τὸ
1506 1516 1589 1570 μετ’

129 1585 332 1640 ὀρχήσεως
359 1585 553 1640 ᾀδόμενον
581 1583 704 1637 μέλος
734 1582 911 1637 ἐλέγετο.
943 1583 1007 1624 καὶ
1038 1585 1115 1636 γὰρ
1147 1585 1185 1624 οἳ
1215 1585 1379 1625 παλαιοὶ
1413 1584 1484 1636 τὴν
1515 1584 1592 1626 ὑπὸ

129 1653 216 1695 ἀντὶ
253 1655 321 1704 τῆς
353 1655 452 1705 μετὰ
485 1652 678 1696 πολλάκις
712 1650 955 1703 ἐλάμβανον.
1006 1650 1109 1705 (vid.
1150 1651 1358 1693 Matthiae.
1399 1653 1474 1694 Gr.
1511 1653 1591 1695 Gr.

132 1721 171 1774 ξ.
188 1731 284 1776 592.
305 1721 369 1774 β.)
403 1721 587 1771 Quartus
607 1734 743 1777 paeon,
765 1721 786 1760 ὁ
808 1720 850 1760 ἐκ
870 1723 986 1772 τριῶν
999 1724 1202 1774 βραχειῶν
1219 1721 1283 1762 καὶ
1300 1724 1461 1774 μακρᾶς,
1484 1720 1593 1762 (lice-

129 1787 254 1829 batur
283 1788 608 1842 ὖπορχηματικός,
633 1787 732 1843 quia
764 1797 887 1843 aptus
918 1787 1164 1829 saltantibus
1191 1788 1433 1830 videbatur:
1467 1789 1592 1831 schol.

132 1855 350 1912 Hephaest.
381 1870 423 1912 p.
450 1857 541 1896 161.
575 1855 646 1896 ubi
674 1854 759 1896 vid.
793 1854 1004 1896 Gaisford.
1036 1857 1214 1899 Lucian.
1242 1857 1295 1898 de
1325 1857 1424 1899 Salt.
1448 1857 1528 1899 vol.
1553 1869 1594 1899 2.

130 1938 173 1979 p.
190 1924 284 1977 278.
305 1923 349 1964 τὸ
369 1926 466 1976 γοῦν
486 1927 567 1966 τοῖς
586 1927 720 1977 χοροῖς
739 1924 974 1976 γραφόμενα
993 1925 1144 1968 τούτοις
1166 1924 1227 1979 (in
1249 1925 1359 1966 Delo
1378 1925 1433 1966 ad
1449 1925 1593 1967 tibiam

132 1990 326 2047 peractis)
349 1990 520 2046 ᾅσματα,
542 1990 799 2045 ὑπορχήματα
820 1991 1013 2033 ε’καλεῖτο.
1060 1990 1249 2048 Etymol.
1271 1993 1335 2033 M.
1368 2007 1409 2048 p.
1432 1994 1531 2047 690‚
1554 2002 1594 2047 7.

132 2058 401 2113 ὑπορχήματα,
424 2058 538 2100 ἅτινα
566 2058 690 2100 πάλιν
710 2059 853 2111 ἔλεγον
874 2060 1107 2113 ὀρχούμενοι
1138 2060 1202 2100 καὶ
1229 2059 1437 2114 τρέχοντες
1467 2061 1595 2116 κύκλῳ

133 2130 202 2166 τοῦ
221 2129 372 2178 βωμοῦ,
397 2126 614 2178 καιομένων
644 2130 722 2168 τῶν
750 2129 912 2180 ἱερείων.
959 2127 1193 2169 Athenaeus
1220 2141 1282 2177 14.
1312 2144 1353 2185 p.
1377 2130 1473 2184 631.
1498 2130 1548 2171 C.
1571 2130 1595 2182 ἡ

136 2195 179 2235 δὲ
197 2193 491 2248 ὑπορχηματική
512 2195 636 2242 ἐστιν,
660 2195 705 2236 ἐν
727 2193 751 2251 ᾗ
783 2194 888 2249 ᾅδων
915 2197 936 2236 ὁ
966 2196 1086 2250 χορὸς
1106 2197 1292 2250 ὀρχεῖται.
1354 2196 1469 2237 Hinc
1499 2196 1596 2239 satis

132 2261 370 2303 defenditur
411 2261 535 2318 hujus
569 2261 647 2303 loci
680 2261 803 2304 lectio
836 2263 1007 2320 vulgata
1039 2263 1164 2318 ᾅδειν.
1227 2264 1419 2306 Conferri
1459 2273 1596 2322 potest

133 2329 382 2371 Eustathius
414 2330 469 2371 ad
499 2330 580 2371 Od.
613 2334 666 2373 Θ.
703 2346 743 2387 p.
778 2342 900 2388 1597,
934 2333 995 2374 18.
1029 2349 1081 2374 ex
1116 2332 1325 2375 Athenaeo
1362 2333 1594 2390 proficiens.

134 2398 366 2440 BLOMF.

196 2478 318 2520 1025.
340 2467 458 2523 κότῳ]
482 2468 604 2508 κότων
625 2469 690 2510 Μ.

196 2546 318 2588 1029.
349 2534 513 2588 φίλτρα]
547 2534 685 2576 Schol.
718 2537 781 2577 καὶ
811 2539 880 2581 τὰς
907 2539 1110 2590 ἐπιθυμίας
1133 2539 1201 2588 τῆς
1229 2538 1376 2589 τόλμης
1403 2537 1502 2589 φημὶ
1526 2536 1596 2578 τὸν

133 2600 375 2642 Ἀπόλλωνα
392 2600 624 2654 χρήσασθαί
634 2619 714 2654 μοι.
746 2604 979 2646 BLOMF.

190 2667 531 2723 πλειστηρίζομαι]
554 2668 744 2711 Maoeimi
763 2672 934 2712 testimo.
978 2671 1128 2712 Notior
1148 2671 1282 2712 forma
1302 2680 1390 2712 erat
1409 2675 1597 2723 πλειστη-

133 2736 290 2790 ριάζειν,
312 2735 426 2792 quod
455 2735 565 2777 idem
592 2735 699 2778 valet
727 2752 774 2778 ac
801 2738 1076 2789 ἆνατιμᾶσθαι,
1100 2739 1163 2779 καὶ
1190 2738 1234 2779 τὸ
1262 2739 1314 2795 τῷ
1343 2738 1470 2779 πλέον
1491 2740 1598 2781 δόντι

135 2804 269 2846 θέλειν
287 2803 536 2856 πιπράσκειν,
559 2813 661 2845 teste
683 2804 853 2846 Polluce
873 2815 912 2859 7,
934 2818 998 2858 14.
1030 2805 1155 2846 Conf.
1177 2815 1365 2846 auctores
1385 2804 1597 2862 adlegatos

134 2871 189 2913 ad
209 2870 396 2927 Hesych.
413 2885 452 2912 v,
476 2873 892 2924 Πλειστηριαζόμενος.
949 2873 1082 2914 Recte
1100 2872 1229 2929 igitur
1250 2872 1376 2915 schol.
1397 2872 1597 2930 interpre-

136 2947 263 2988 tatur,
284 2941 499 2994 καυχῶμαι.
533 2939 763 2981 BLOMF.
