1962 3224
354 189 441 230 528
827 189 1322 231 ANNOTATIONES

355 301 500 358 plicem
521 303 633 358 apud
654 302 864 344 Millinum
888 304 1055 345 Galerie
1083 305 1385 361 mythologique
1409 304 1490 345 tab.
1512 313 1602 357 170.
1627 318 1665 343 n.
1693 304 1786 346 622.

357 370 703 411 WIESELER.

410 437 480 488 46.
500 436 738 489 θαυμαστὸς]
763 439 995 487 θαυμαστῶν
1014 436 1157 478 Guelf·
1178 435 1281 478 Ald.

411 502 547 556 λόχος]
567 501 686 555 λέχος
710 503 770 542 Μ.
792 503 887 542 Par.
910 502 1051 543 Guelf.
1074 502 1175 543 Ald.

410 570 481 621 48.
507 570 614 610 ἀλλὰ
633 569 830 621 Γοργόνας
847 568 969 623 λέγω]
991 570 1086 610 Non
1106 569 1241 609 minus
1259 568 1313 610 ob
1333 568 1582 624 serpentinos
1600 567 1729 608 crines
1748 577 1789 608 et

355 636 524 676 mixtam
544 635 716 676 formam
737 634 971 685 Furiarum,
993 650 1117 690 quam
1144 634 1362 676 terribilem
1393 634 1580 689 speciem,
1599 649 1665 675 eas
1693 634 1789 675 assi-

355 702 469 742 milat
489 701 642 756 Pythia
662 700 938 756 Gorgonibus.
998 701 1262 757 Lycophron.
1283 716 1321 741 v.
1342 701 1437 753 669.
1468 704 1561 741 ποῖα
1587 700 1617 740 δ’
1638 700 1790 752 Ἐρινὺς

353 769 631 822 μιξοπάρθενος
661 769 772 810 κύων.
803 769 994 824 Orpheus
1023 769 1163 824 hymn.
1186 769 1256 809 68.
1285 768 1337 808 de
1359 768 1518 808 Furiis:
1551 769 1789 822 ὀφιοπλόκα-

353 853 434 887 μοι,
454 834 712 888 πολύμορφοι.
770 834 1082 890 Elegantissime
1103 834 1259 875 Statius
1280 833 1415 874 Theb.
1434 847 1468 884 Ι,
1489 844 1585 888 597.

717 944 775 953 —
793 928 1020 962 monstrum
1039 922 1229 976 infimdis
1247 921 1474 962 Acheronte
1491 922 1566 963 sub
1587 923 1666 963 imo

524 990 771 1043 Conceptum
790 988 1072 1028 Eumenidum
1093 988 1312 1033 thalamis;
1343 988 1410 1028 cuz·
1432 988 1615 1044 virginis
1633 1003 1709 1029 ora

523 1057 776 1110 Pectoraque
793 1071 806 1100 ‚·
839 1060 1034 1095 <eternum
1055 1054 1234 1095 stridens
1253 1067 1281 1093 α
1301 1055 1450 1094 vertice
1469 1056 1612 1110 surgit

524 1123 586 1163 Et
587 1122 890 1177 ferrugineam
893 1122 1088 1175 frontem
1107 1121 1370 1161 discriminat
1388 1122 1560 1177 anguis.

355 1212 535 1251 Pausan.
554 1222 591 1258 Ι,
615 1209 681 1250 28.
701 1212 849 1260 πρῶτος
875 1207 918 1248 δέ
944 1214 1085 1260 σφισιν
1107 1206 1342 1262 (Ἐρινύσιν)
1366 1208 1564 1262 Αἰσχύλος
1583 1207 1792 1260 δράκοντας

356 1278 517 1327 ἐποίησε
537 1277 632 1326 ὁμοῦ
652 1278 734 1317 ταῖς
755 1276 798 1315 ἐν
818 1276 864 1330 τῇ
886 1277 1038 1330 κεφαλῇ
1060 1275 1182 1327 θριξὶν
1201 1273 1312 1315 εἶναι.
1345 1274 1411 1315 Cf.
1434 1273 1584 1315 Catull.
1607 1276 1677 1329 63,
1696 1287 1790 1330 193.

353 1357 448 1384 cum
469 1341 589 1383 Ovid.
613 1341 741 1382 Trist.
758 1353 800 1392 4,
824 1351 863 1395 7,
884 1353 946 1384 12.
967 1350 1009 1381 et
1027 1356 1121 1396 quae
1146 1340 1319 1383 contulit
1338 1340 1478 1381 Davis.
1500 1341 1552 1382 ad
1573 1340 1658 1382 Cic.
1683 1341 1789 1396 Leg.

358 1422 396 1458 1,
415 1421 478 1460 14.
509 1409 758 1455 WAKEF.

409 1485 479 1528 50.
514 1474 617 1516 εἶδον
646 1473 729 1515 ποτ’
759 1473 829 1526 ἤδη
859 1471 1007 1515 Φινέως
1036 1471 1320 1527 γεγραμμένας]
1352 1474 1502 1514 Versus
1535 1487 1587 1514 ex
1612 1472 1789 1513 duorum

354 1555 545 1581 versuum
566 1540 747 1596 reliquiis
765 1539 1014 1596 compositus
1034 1539 1088 1580 sic
1109 1539 1354 1595 separandis,

526 1617 629 1658 εἶδόν
648 1616 732 1657 ποτ’
752 1617 823 1668 ἤδη
863 1647 1176 1658 .......

524 1683 796 1737 γεγραμμένας
835 1713 1056 1724 .....
1096 1683 1245 1726 Φινέως

527 1753 686 1791 δεῖπνον
705 1750 900 1803 φερούσας
912 1773 969 1780 ·—-
987 1780 997 1790 .

351 1825 476 1868 verbo
494 1826 777 1879 γεγραμμένας,
799 1826 913 1882 quod
934 1841 1042 1867 nunc
1062 1826 1150 1867 loco
1172 1826 1305 1866 minus
1325 1834 1423 1880 apto
1448 1825 1686 1867 collocatum
1714 1837 1788 1877 est,

352 1892 394 1933 in
422 1907 535 1933 suam
558 1891 691 1932 sedem
714 1902 914 1933 revocato.
974 1887 1193 1933 Defectum
1213 1894 1427 1933 verborum
1449 1907 1500 1932 ex
1521 1892 1558 1932 vi
1581 1892 1790 1933 sententiae

352 1957 559 2015 supplevit
588 1957 816 2008 scholiasta,
846 1957 937 1999 ἀλλ’
969 1957 1045 1999 οὐδ’
1076 1957 1260 2011 Ἀρπυίας
1289 1959 1405 2001 αὐτὰς
1433 1958 1552 2011 λέγω·
1588 1958 1691 2000 εἶδον
1715 1962 1790 2012 γὰρ

355 2027 472 2069 αὐτᾶς
502 2027 546 2066 ἓν
575 2027 707 2078 γραφῇ
739 2024 946 2076 πτερωτάς.
981 2025 1099 2080 cujus
1129 2039 1180 2065 ex
1212 2025 1472 2066 annotatione
1507 2025 1791 2066 Wakefieldus

352 2093 523 2149 conjecit
541 2102 635 2133 ante
654 2094 776 2134 verba
796 2092 900 2133 εἶδόν
919 2091 1000 2133 ποτ’
1023 2092 1093 2144 ἤδη
1113 2107 1273 2132 versum
1297 2106 1425 2132 unum
1442 2091 1650 2141 excidisse,
1672 2093 1791 2148 cujus

352 2159 551 2201 sententia
579 2159 667 2200 haec
700 2158 838 2208 fuerit,
870 2157 946 2199 οὐδ’
979 2157 1213 2210 “Αρπυίαισι·
1253 2160 1320 2201 τὰς
1350 2160 1425 2210 γὰρ
1455 2158 1788 2210 έπτερωμένας-.

351 2241 475 2282 quam
506 2226 548 2266 in
573 2225 691 2267 metri
716 2225 888 2266 formam
919 2224 1076 2280 redegit
1097 2226 1376 2274 Hermannus,
1403 2223 1491 2264 ἀλλ’
1519 2224 1596 2265 οὐδ’
1625 2224 1791 2277 ἂν’“Αρ-

350 2294 479 2335 πυίαις
511 2291 814 2344 προσεικάσαιμί
843 2307 915 2332 νιν.
955 2290 1076 2346 quale
1104 2290 1203 2345 quid
1235 2290 1267 2331 si
1301 2290 1521 2345 scripsisset
1551 2291 1787 2346 AEschylus,

351 2374 432 2400 non
455 2359 559 2400 εἶδόν
578 2356 660 2399 ποτ’
679 2357 750 2408 ἤδη
770 2371 953 2412 pergere,
973 2356 1041 2396 sed
1065 2356 1120 2396 sic
1144 2356 1282 2411 potius
1302 2356 1425 2397 verba
1455 2357 1664 2411 sequentia
1693 2356 1788 2398 con-

350 2426 526 2467 formare
555 2423 771 2473 debuisset,
794 2423 839 2465 ἃς
867 2422 970 2463 εἶδον
998 2424 1041 2463 ἐν
1070 2426 1287 2474 γραφαῖσιν
1318 2422 1584 2474 ἐπτερωμένας
1608 2422 1615 2479 Ι
1641 2424 1791 2467 Φινέως

350 2492 547 2546 φερούσας
566 2493 735 2531 δεῖπνον·
766 2489 928 2541 ἄπτεροί
944 2505 989 2542 γε
1005 2488 1081 2540 μὴν
1106 2487 1113 2544 Ι
1140 2489 1328 2528 αὓται-.
1391 2490 1515 2529 Nunc
1534 2503 1664 2544 quum
1686 2490 1791 2530 εἶδόν

350 2557 432 2601 ποτ’
448 2557 519 2610 ἤδη
534 2556 699 2607 dixerit,
716 2555 977 2596 manifestum
993 2564 1051 2595 est
1068 2554 1155 2595 haec
1170 2555 1294 2595 verba
1307 2556 1349 2595 in
1365 2554 1563 2610 principio
1582 2553 1790 2595 sententiae

350 2624 546 2667 collocata
564 2622 701 2663 fuisse.
761 2623 948 2671 Quocum
971 2620 1232 2662 Wellauerus
1261 2620 1400 2662 similis
1428 2620 1619 2661 orationis
1646 2620 1789 2660 formae

352 2690 585 2746 exemplum
605 2687 857 2744 comparavit
879 2687 1024 2743 Suppl.
1048 2687 1142 2738 284.

405 2756 570 2811 Φινέως]
611 2756 677 2796 De
717 2754 918 2811 Harpyiis
962 2753 1108 2794 Phinei
1149 2752 1255 2810 regis
1295 2753 1420 2809 dapes
1458 2752 1710 2809 rapientibus
1747 2761 1789 2793 et

349 2822 600 2866 foedantibus
618 2837 683 2863 res
702 2830 799 2862 nota
818 2836 868 2862 ex
891 2819 1266 2876 Argonauticorum
1287 2819 1550 2875 scriptoribus
1563 2818 1788 2874 Apollonio

354 2889 522 2932 Rhodio
539 2888 611 2930 lib.
632 2900 670 2932 2.
692 2886 853 2929 Valerio
873 2888 1022 2929 Flacco
1039 2886 1109 2928 lib.
1128 2898 1170 2939 4.
1203 2886 1332 2928 SCH.
