1962 3224
387 192 472 233 552
862 196 1357 238 ANNOTATIONES

389 317 500 344 nunc
530 303 678 360 scripta
702 303 910 360 leguntur.
971 307 1100 346 Recte
1119 306 1291 347 Bothius
1319 306 1360 346 in
1382 306 1558 346 editione
1586 305 1720 362 priore
1738 321 1827 348 cor-

388 372 538 413 rexisse
558 373 721 414 videtur
741 374 883 416 ἄλλαις
902 373 1102 426 ἀνάγκαις,
1121 374 1145 425 ἤ
1164 390 1266 417 τινος
1285 373 1407 426 τρέων
1428 375 1541 415 κότον
1557 390 1569 421 ;

444 438 540 490 428.
555 443 662 481 δυοῖν
680 439 906 494 παρόντοιν]
928 439 1012 480 Hic
1033 439 1226 481 Minerva
1244 439 1358 480 filum
1379 440 1570 495 colloquii
1590 441 1823 496 abrumpit:

387 506 616 547 Enimvero
639 521 730 546 cum
759 505 857 547 duoe
883 512 1025 561 partes
1054 507 1153 556 sint,
1175 506 1392 547 dimidium
1413 507 1575 562 quidem
1605 521 1827 547 sermonem

387 572 583 613 hactenus
615 573 869 622 audivimus,
893 573 994 626 jam
1029 586 1125 612 vero
1155 578 1193 613 et
1221 573 1354 613 altera
1381 587 1486 628 pars
1519 574 1725 614 audienda
1755 579 1826 614 est.

392 639 524 679 SCH.

445 705 584 758 λόγος]
605 706 727 756 λόγου
750 705 813 744 Μ.
835 704 935 744 Ald.
959 706 1093 745 Turn.

445 783 541 824 429.
563 769 652 811 ἀλλ’
673 770 804 823 ὅρκον]
836 770 1038 810 Observat
1056 770 1159 810 ritus
1185 770 1308 811 curiae
1332 771 1643 826 Areopagiticae,
1666 772 1828 813 teneba-

389 846 458 877 tur
488 836 594 877 enim
627 851 721 876 reus
741 837 882 891 jurare
914 851 955 876 se
987 835 1110 876 caedis
1140 844 1346 877 auctorem
1379 852 1460 877 non
1491 837 1629 879 fuisse.
1681 838 1828 894 Lysias

390 904 507 943 Orat.
538 902 578 942 in
610 901 935 943 Theomnestum
966 902 1028 957 (p.
1048 914 1072 956 3
1077 913 1147 956 52.
1170 902 1330 955 Reisk.)
1354 904 1374 943 ὁ
1404 904 1478 954 μὲν
1503 905 1578 955 γὰρ
1605 904 1749 944 διώκων
1778 905 1829 947 ὡς

391 969 537 1010 ἔκτεινε
558 970 766 1020 διόμνυται,
788 971 809 1010 ὁ
833 970 875 1010 δὲ
895 970 1052 1022 φεύγων
1072 970 1123 1011 ὡς
1143 968 1210 1008 οὐκ
1231 968 1389 1009 ἔκτεινε.
1423 969 1641 1009 STANL.

448 1036 493 1076 οὐ
523 1038 656 1076 δοῦναι
690 1035 817 1090 θέλει]
852 1037 886 1076 εἰ
920 1038 1052 1076 δοῦναι
1079 1034 1197 1086 θέλῃς
1230 1034 1433 1075 Stanleius
1461 1045 1585 1085 recte,
1611 1034 1686 1075 nisi
1716 1034 1829 1090 quod

392 1101 522 1145 θέλοις
541 1101 713 1142 scribere
731 1101 920 1151 debebat,
941 1100 1054 1156 quod
1075 1101 1171 1142 fecit
1192 1102 1470 1142 Hermannus.

447 1181 545 1223 430.
569 1170 720 1212 δικαίως
740 1169 848 1209 Rob.
874 1167 1018 1224 Steph.
1053 1168 1219 1211 δικαίους
1240 1168 1306 1208 Μ.
1329 1167 1602 1224 superscripto
1622 1185 1666 1219 ω,
1686 1167 1830 1210 Guelf.

393 1235 493 1277 Ald.
513 1237 648 1276 Turn.
701 1235 970 1276 Scribendum
991 1236 1146 1276 δίκαιος.

448 1303 608 1359 πρᾶξαι]
661 1301 980 1357 Intelligendum
1023 1302 1149 1341 δίκαια
1187 1300 1248 1341 vel
1290 1302 1441 1344 δικαίως
1478 1316 1527 1342 ex
1577 1301 1831 1357 praecedente

391 1371 547 1413 δίκαιος.

447 1449 546 1491 431.
566 1436 695 1492 πέυει]
717 1435 816 1491 πένῃ
839 1433 945 1484 fibri,
967 1433 1042 1474 nisi
1061 1433 1175 1489 quod
1194 1422 1298 1490 πέλῇ
1326 1434 1380 1475 T.

447 1515 544 1558 434.
566 1501 670 1557 κάπ’]
693 1501 722 1542 κ’
745 1500 803 1542 ἐπ’
826 1499 971 1541 Guelf.
993 1499 1093 1540 Ald.
1117 1501 1251 1540 Turn.

447 1579 548 1625 435.
571 1567 780 1622 σέβουσαι]
802 1567 990 1618 σέβοιμεν
1011 1567 1065 1607 Τ.

448 1637 561 1687 ἀξίαν
582 1637 801 1676 Porsonus.
838 1634 951 1683 ἀξίαν
970 1631 1002 1674 τ’
1025 1632 1161 1688 vulgo.
1209 1634 1321 1684 ἀξίαν
1341 1633 1379 1672 ‹r'
1400 1632 1702 1684 Wakefieldus,
1723 1643 1832 1676 reete

391 1704 574 1745 fortasse.

451 1767 633 1821 ἐπαξίων]
666 1765 723 1807 ἐπ’
753 1767 870 1816 ἀξίων
900 1765 1008 1805 Rob.
1043 1765 1178 1805 Turn.
1221 1763 1284 1804 ἀπ’
1313 1764 1430 1814 ἀξίων
1461 1764 1688 1806 Stanleius:
1719 1766 1831 1821 quod

393 1835 536 1891 legisse
557 1834 742 1875 videatur
762 1831 987 1879 scholiasta,
1010 1830 1129 1882 ἀξίων
1147 1832 1272 1872 οὖσαν
1291 1830 1453 1883 γονέων,
1474 1830 1774 1887 interpretatus.

449 1901 548 1955 438.
570 1899 787 1952 ἀμυναθοῦ]
811 1898 1074 1939 scribebatur
1093 1898 1301 1950 ἀμυνάθου.

374 2010 377 2011 ⁷
450 1980 546 2019 440.
569 1967 680 2019 ἁμῆς]
709 1964 978 2006 Scribendum
1009 1965 1147 2020 potius
1167 1966 1272 2017 ἐμῆς.
1319 1965 1454 2006 ἑστίαν
1468 1979 1580 2005 aram
1601 1964 1831 2020 intelligen-

394 2035 488 2076 dam
510 2049 594 2074 esse
615 2042 752 2073 monet
774 2031 990 2073 stanleius.

450 2114 550 2153 441.
583 2101 627 2141 ἐν
655 2101 811 2152 τρόποις
837 2098 1017 2154 Ἰξίονος]
1049 2100 1116 2140 De
1144 2098 1374 2154 expiatione
1401 2098 1558 2139 Ixionis
1586 2098 1781 2155 supplicis
1809 2114 1834 2139 a

395 2168 502 2209 Jove
520 2167 630 2208 facta
648 2165 738 2221 lege
758 2165 884 2206 schol.
907 2165 1028 2206 Pind.
1049 2164 1089 2205 in
1112 2165 1238 2221 Pyth.
1262 2178 1301 2212 2,
1320 2177 1390 2216 40.
1424 2166 1642 2206 STANL.

451 2245 548 2286 442.
570 2233 735 2288 τούτοις]
760 2232 809 2272 Id
830 2241 892 2272 est
911 2231 1005 2284 πρὸς
1025 2235 1159 2273 ταῦτα.
1190 2232 1494 2272 ABRESCH.

451 2301 551 2352 446.
574 2298 747 2353 ἐφημένῃ
766 2299 987 2338 Porsonus.
1020 2298 1232 2350 ἐφεζομένη
1251 2297 1356 2338 libri.
1402 2297 1670 2339 Scribendum
1693 2299 1835 2352 ἐφημέ-

397 2383 465 2408 νου
486 2380 580 2407 eum
604 2364 819 2419 Burgesio.

451 2431 549 2484 448.
579 2429 804 2485 ἄφθογγον]
840 2428 1063 2485 Euripides
1099 2429 1317 2484 Iphigenia
1350 2429 1391 2470 in
1425 2430 1579 2472 Tauris
1606 2431 1658 2473 de
1691 2433 1835 2473 Oreste

458 2511 494 2539 1.

396 2508 450 2552 95
510 2555 608 2609 Σιγῇ
628 2551 659 2593 δ’
683 2548 898 2601 ἑτεκτήνατ’
921 2550 1196 2602 ἀπόφθεγκτόν
1213 2549 1267 2601 μ’,
1287 2552 1390 2595 ὅπως

510 2618 638 2662 δαιτὸς
657 2617 842 2671 γενοίμην
860 2617 1040 2668 πώματός
1058 2615 1088 2656 τ’
1110 2616 1227 2657 αὐτοῦ
1246 2618 1349 2671 δίχα.
1391 2620 1610 2660 STANL.

451 2709 551 2750 449.
574 2695 614 2738 ἔς
634 2694 664 2735 τ’
687 2694 751 2749 ἂν]
773 2693 830 2735 ἐπ’
853 2693 902 2735 ἂν
921 2693 1022 2734 Ald.
1054 2695 1154 2734 ἐπὰν
1174 2693 1309 2735 Turn.

453 2774 551 2816 450.
587 2760 850 2813 καθαιμάξωσι
883 2759 1071 2811 νεοθήλου
1105 2760 1249 2816 Steph.
1284 2761 1359 2801 nisi
1390 2761 1503 2816 quod
1536 2761 1834 2812 καθαιμάξωσιν.

398 2826 676 2879 καθαιμάξουσι
715 2826 883 2878 νοθήλου
922 2827 988 2868 Μ.
1024 2825 1165 2867 Guelf.
1198 2825 1300 2867 Ald.
1351 2827 1648 2879 καθαιμάζουσιν
1691 2825 1836 2877 ὀθήλου

398 2893 504 2934 Rob.
