1962 3224
534 665 1295 722 AGAMEMNON.

540 977 594 1027 C.
615 979 675 1027 θ’.
694 979 932 1029 Schuetzii
953 980 1298 1046 Proleyomena.

182 1107 713 1164 AGAMEMNONEM
745 1138 771 1165 a
799 1123 1121 1180 Clytaemnestra
1149 1123 1324 1180 ejusque
1354 1122 1561 1173 adultero,
1589 1139 1657 1165 eo-

182 1187 276 1229 dem
298 1187 366 1229 die
384 1203 471 1245 quo
490 1189 658 1231 redierit
676 1190 719 1231 in
736 1191 928 1247 patriam,
944 1191 1126 1233 occisum
1142 1206 1241 1242 esse,
1259 1191 1349 1248 jam
1363 1199 1460 1233 ante
1475 1191 1657 1249 AEschy-

182 1254 271 1297 lum
302 1257 517 1299 Homerus
545 1267 692 1300 auctor
721 1258 872 1301 fuerat.
936 1259 1020 1301 Cui
1050 1258 1083 1300 si
1113 1258 1335 1309 credimus,
1360 1261 1658 1316 Agamemnon

183 1338 358 1365 uxorem
391 1324 446 1366 ad
480 1325 636 1368 bellum
673 1327 908 1384 Trojanum
944 1326 1208 1384 proficiscens
1239 1326 1375 1384 probo
1411 1327 1580 1369 cuidam
1616 1337 1659 1370 et

184 1400 379 1452 spectatae
399 1393 497 1434 fidei
518 1393 620 1445 viro,
642 1394 764 1451 eique
794 1396 912 1452 ἀοιδῷ
941 1394 1317 1447 commendaverat,
1339 1395 1462 1451 cujus
1492 1396 1659 1438 monitis

182 1475 266 1501 non
297 1461 444 1518 magis,
481 1478 608 1519 quam
643 1463 732 1520 ipsa
763 1462 891 1505 animi
922 1463 986 1505 sui
1015 1463 1169 1514 indole,
1203 1472 1350 1520 utpote
1380 1478 1479 1520 quae
1510 1479 1587 1521 per
1615 1479 1659 1506 se

182 1528 292 1570 bona
311 1539 431 1582 esset,
452 1529 773 1587 Clytaemnestra
792 1531 1008 1574 sublevata
1027 1531 1102 1573 diu
1119 1531 1282 1574 fortiter
1301 1531 1453 1574 restitit
1468 1532 1658 1589 AEgisthi

182 1597 376 1653 precibus
397 1598 450 1639 ad
471 1598 690 1656 indignum
707 1599 900 1642 adulterii
915 1599 1077 1642 facinus
1093 1615 1183 1642 eam
1201 1600 1471 1643 sollicitantis.
1503 1602 1659 1643 Postea

184 1679 283 1706 vero
306 1666 532 1722 AEgisthus
559 1667 686 1709 istum
718 1668 854 1710 ἀοιδὸν
884 1668 926 1710 in
957 1668 1162 1710 desertam
1193 1668 1369 1709 insulam
1402 1669 1655 1726 deportavit,

182 1749 315 1790 eoque
342 1733 418 1776 sibi
448 1735 503 1776 ad
532 1736 857 1792 expugnandam
886 1736 1042 1793 reginae
1072 1736 1315 1792 pudicitiam
1338 1736 1446 1778 viam
1478 1738 1658 1780 munivit

186 1801 354 1859 (Odyss.
380 1807 425 1855 Γ,
443 1805 531 1857 464
551 1806 659 1861 sqq.)
723 1806 858 1855 Quam
890 1819 985 1846 cum
1017 1804 1167 1846 deinde
1199 1804 1275 1846 sibi
1305 1805 1553 1862 morigeram
1584 1807 1658 1848 ha-

181 1870 351 1921 buisset,
373 1871 589 1914 consilium
617 1872 726 1930 cepit
747 1872 1093 1929 Agamemnonis,
1113 1888 1209 1914 cum
1239 1873 1423 1930 primum
1453 1874 1654 1926 rediisset,

180 1937 339 1980 insidiis
357 1939 629 1982 interficiendi
657 1940 827 1998 (Odyss.
850 1945 900 1993 Δ,
924 1943 1027 1996 91.).
1091 1942 1244 1998 Itaque
1274 1942 1442 1984 duobus
1471 1942 1562 1984 auri
1592 1953 1654 1985 ta-

180 2005 302 2048 lentis
331 2007 533 2049 conduxit
563 2010 880 2065 speculatorem,
908 2008 982 2065 qui
1012 2009 1194 2050 reditum
1220 2011 1553 2066 Agamemnonis
1582 2012 1656 2053 ob-

181 2084 374 2116 servaret.
436 2076 482 2116 Is
501 2084 636 2118 totum
658 2076 743 2118 fere
772 2091 928 2118 annum
961 2076 1158 2118 excubias
1187 2092 1326 2133 agens,
1349 2078 1655 2136 diligenterque

180 2158 232 2185 ne
254 2159 296 2186 se
325 2144 541 2202 effugeret,
563 2161 725 2197 cavens,
747 2145 932 2196 tandem,
955 2144 1028 2186 ubi
1058 2160 1154 2186 eum
1185 2147 1333 2202 procul
1362 2146 1653 2189 advenientem

179 2222 460 2269 conspexerat,
480 2213 574 2255 ilico
595 2213 795 2270 AEgistho
815 2213 1036 2255 nuntiavit.
1098 2214 1165 2255 Re
1195 2223 1407 2271 comperta
1429 2215 1655 2272 AElgisthus

180 2279 326 2336 viginti
353 2281 546 2323 robustos
572 2281 760 2323 homines
788 2281 831 2322 in
861 2280 1020 2323 insidiis
1048 2281 1279 2334 constituit,
1300 2298 1528 2340 regemque
1557 2299 1654 2325 con-

181 2347 292 2389 vivio
310 2358 531 2406 exceptum
552 2350 725 2392 adortus
751 2359 828 2392 est.
890 2351 1128 2407 Pugnaque
1150 2349 1259 2392 inter
1282 2350 1504 2408 utriusque
1523 2352 1654 2395 socios

179 2424 331 2468 coorta,
362 2426 404 2459 et
433 2419 727 2475 Agamemnon
759 2417 1010 2470 trucidatur,
1041 2429 1083 2459 et
1112 2417 1211 2460 socii
1240 2419 1295 2461 ab
1326 2426 1506 2476 utraque
1534 2430 1653 2478 parte

179 2484 337 2526 mutuis
365 2485 551 2528 caedibus
580 2486 859 2529 conficiuntur
894 2486 1066 2544 (Odyss.
1096 2491 1145 2538 Z,
1169 2498 1250 2542 150
1271 2489 1402 2544 sqq.).
1466 2488 1651 2531 Tristem

179 2551 293 2594 hunc
314 2553 411 2595 vitae
431 2554 590 2597 exitum
610 2554 699 2612 ipse
718 2556 1014 2612 Agamemnon
1037 2554 1182 2612 Ulyssi
1202 2555 1394 2597 flebiliter
1421 2567 1575 2609 narrat,
1596 2558 1652 2599 ad

179 2620 407 2662 inferorum
429 2622 545 2664 sedes
564 2622 745 2680 delapso.
789 2624 843 2666 Se
862 2622 966 2664 nihil
988 2622 1069 2664 tale
1088 2623 1342 2679 opinantem,
1366 2639 1488 2666 suum
1510 2626 1652 2682 potius

179 2688 406 2731 adventum
425 2690 564 2733 liberis
587 2691 837 2747 famulisque
863 2700 1032 2748 gratum
1052 2691 1141 2733 fore
1172 2701 1421 2749 sperantem,
1442 2694 1650 2736 sceleratae

180 2756 322 2798 uxoris
341 2756 439 2799 dolo
457 2768 627 2815 captum
648 2769 776 2816 atque
794 2759 848 2801 ab
870 2759 1071 2816 AEgistho
1086 2759 1140 2800 ad
1160 2759 1348 2802 exitiales
1366 2762 1512 2817 epulas
1531 2777 1651 2803 voca-

180 2834 270 2866 tum
290 2825 431 2869 fuisse.
495 2827 563 2868 Ibi
585 2843 627 2868 se
648 2827 861 2884 sociosque
880 2827 989 2869 circa
1008 2835 1207 2869 craterem
1234 2843 1480 2886 mensasque
1505 2829 1650 2887 plenas

179 2892 408 2936 trucidatos
436 2895 676 2947 concidisse,
706 2895 928 2953 ipsumque
959 2895 1259 2938 moribundum
1287 2896 1378 2954 jam
1407 2897 1649 2956 frustraque

179 2974 328 3003 manus
345 2961 399 3004 ad
419 2962 607 3020 gladium
626 2963 908 3006 intendentem
938 2963 1144 3006 audivisse
1173 2963 1445 3008 miserabilem
1469 2967 1645 3009 Cassan-

892 3047 910 3073 S
933 3047 951 3073 S
974 3045 997 3076 2
