1962 3224
642 153 731 194 AD
763 149 1162 193 EUMENIDES.
1556 144 1642 188 527

231 268 392 323 στάσιν]
415 266 542 320 βάσιν
561 264 674 306 varia
703 263 824 305 lectio
854 261 1062 318 adscripta
1090 260 1133 300 in
1165 259 1231 300 M.
1262 267 1304 299 et
1333 267 1562 298 memorata
1589 254 1644 296 ab

177 337 411 394 Stephano:
442 349 538 391 quae
557 331 818 390 praeferenda
839 330 1056 386 scripturae
1077 327 1273 384 vulgatae.

230 416 301 460 37.
335 403 462 457 τρέχω
496 402 558 456 δὲ]
591 399 783 441 Priorum
817 398 883 439 hic
912 397 1135 439 verborum
1167 393 1420 436 constructio
1450 391 1574 433 πάλιν
1603 389 1643 444 μ’

175 474 369 526 ἔπεμψεν,
391 485 474 512 non
494 468 682 526 proxime
702 466 1051 516 antecedentium,
1072 463 1355 507 continuatur.
1401 462 1432 502 J
1435 475 1500 502 am
1524 460 1643 501 scho-

174 541 310 582 liastes
329 538 433 580 vidit
453 537 519 579 hic
549 535 725 578 describi
747 534 1000 592 Pythiadem
1030 531 1356 590 quadrupedum
1387 544 1502 571 more
1532 528 1643 570 ince-

174 607 354 649 dentem.
415 608 611 648 Ceterum
646 603 853 646 stanleius
882 611 1096 658 comparat
1125 602 1261 642 locum
1294 598 1447 655 Eurip.
1475 597 1645 639 Hecub.

179 676 300 730 1058.
322 674 395 716 ubi
415 674 678 731 Polymestor
697 680 928 714 excaecatus
947 669 1135 727 loquitur
1152 686 1161 711 :

403 776 640 828 τετράποδος
659 773 785 826 βάσιν
806 772 923 826 θηρὸς
942 770 1155 825 ὀρεστέρου

405 844 608 897 τιθέμενος
630 843 692 884 ἐπὶ
711 845 828 896 χεῖρα
849 839 928 882 κατ’
950 841 1076 894 ἴχνος.
1140 839 1275 880 SCH.

235 945 303 1001 38.
325 944 441 987 οὐδέν
460 943 566 985 male
587 958 664 1000 pro
684 940 919 984 accusativo
944 954 1038 982 cum
1071 940 1242 980 δείσασα
1270 936 1550 980 construendo
1578 951 1647 978 ac-

177 1013 287 1070 cepit
307 1012 577 1054 Abreschius.
621 1012 701 1052 Est
721 1008 1015 1058 nominativus,
1038 1017 1084 1049 ut
1109 1006 1258 1064 Suppl.
1282 1016 1378 1062 730.
1401 1005 1501 1060 γυνὴ
1519 1021 1648 1057 μονω-

179 1083 276 1123 θεῖσ’
299 1080 425 1122 οὐδέν·
455 1081 524 1122 οὐκ
545 1078 671 1121 ἔνεστ’
689 1077 823 1131 Ἀρης.
846 1087 888 1118 et
907 1076 1006 1118 alibi
1027 1091 1108 1118 non
1129 1091 1237 1117 raro.
1259 1074 1648 1116 WELLAUER.

237 1163 306 1205 39.
337 1150 571 1202 πολυστεφῆ
604 1146 748 1202 μυχὸν]
781 1145 987 1197 Quoniam
1020 1144 1213 1186 sacellum
1243 1141 1455 1200 Apollinis
1486 1151 1528 1183 et
1560 1142 1648 1198 Py-

179 1217 342 1259 thiados
362 1217 496 1274 tripus
515 1214 666 1257 laureis
693 1213 852 1256 coronis
881 1222 1027 1254 ornata
1056 1220 1187 1253 erant.
1250 1210 1318 1253 Sic
1349 1210 1466 1262 δόμος
1495 1209 1652 1262 Φοίβου

179 1295 352 1328 vocatur
373 1285 575 1338 στέμμασί
591 1283 626 1338 γ’
650 1283 807 1326 ἔνδυτος
826 1297 894 1339 ap.
918 1280 1069 1337 Eurip.
1094 1281 1190 1321 Ion.
1213 1294 1253 1321 v.
1276 1291 1373 1331 224.
1407 1278 1541 1320 SCH.

238 1367 308 1407 40.
341 1354 401 1395 ἐπ’
421 1352 607 1409 ὀμφαλῷ]
634 1350 823 1408 Delphos
849 1350 891 1391 in
917 1348 1149 1391 meditullio
1175 1347 1288 1389 orbis
1317 1356 1522 1389 terrarum
1554 1345 1654 1388 sitos

181 1421 359 1478 ideoque
379 1428 509 1463 terroe
529 1421 769 1462 umbilicum
795 1418 939 1470 dictos,
962 1416 1205 1459 tralatitium
1236 1425 1310 1458 est.
1374 1416 1490 1457 Loca
1520 1415 1654 1457 multa

184 1489 370 1541 Pindari,
406 1488 640 1546 Euripidis,
675 1487 850 1529 aliorum
892 1485 944 1527 de
984 1501 1031 1526 ea
1071 1500 1115 1526 re
1149 1483 1353 1540 congessit
1388 1484 1562 1525 Barnes.
1598 1483 1654 1526 ad

183 1557 335 1615 Eurip.
361 1558 455 1599 Ion.
482 1557 509 1599 l.
537 1556 563 1598 l.
625 1555 710 1597 Hic
740 1564 880 1596 autem
910 1554 1025 1596 sedes
1055 1567 1289 1595 marmorea
1317 1552 1580 1609 intelligitur,
1611 1551 1656 1593 in

184 1625 393 1683 Apollinis
441 1626 600 1676 sacello,
639 1639 766 1681 quam
805 1622 995 1664 ferebant
1038 1622 1175 1679 ipsum
1221 1620 1407 1663 medium
1448 1629 1654 1662 terrarum

184 1703 388 1752 punctum
419 1709 449 1735 s.
480 1702 668 1735 centrum
699 1691 897 1734 obtinere.
960 1690 1026 1732 Sic
1052 1692 1234 1732 Pausan.
1255 1703 1323 1741 10,
1344 1690 1411 1738 16,
1434 1702 1475 1745 3.
1501 1688 1586 1730 Τὸν
1613 1690 1657 1730 δὲ

183 1763 259 1804 ὑπὸ
296 1766 472 1815 Δελφῶν
511 1762 757 1813 καλούμενον
797 1758 997 1813 ὀμφαλὸν,
1033 1759 1148 1799 λίθου
1189 1756 1456 1810 πεποιημένον
1495 1760 1655 1805 λευκοῦ,

185 1834 300 1872 τοῦτο
331 1830 433 1871 εἶναι
461 1829 506 1871 τὸ
538 1830 582 1870 ἐν
611 1828 721 1884 μέσῳ
749 1830 820 1879 γῆς
840 1826 970 1878 πάσης
991 1826 1102 1867 αὐτοὶ
1121 1825 1314 1879 λέγουσιν
1335 1826 1373 1867 οἱ
1394 1826 1569 1879 Δελφοί,
1593 1825 1658 1866 καὶ

188 1900 232 1941 ἐν
253 1898 329 1950 ὠδῇ
350 1914 427 1939 τινι
446 1898 645 1949 Πίνδαρος
664 1893 938 1948 ὁμολογοῦντά
959 1899 1102 1947 σφισιν
1124 1894 1300 1945 ἐποίησε.
1334 1894 1468 1935 SCH.

245 1965 435 2021 θεομυσῆ]
457 1967 619 2016 θεομισῆ
641 1965 739 2005 Par.
761 1962 864 2004 Ald.
897 1965 1078 2014 θεομισεῖ
1096 1963 1235 2004 Turn.

244 2048 316 2087 41.
349 2033 510 2088 ἔχοντα]
537 2032 670 2086 ἔχοντι
691 2031 757 2072 Μ.
778 2031 875 2071 Par.
899 2029 1046 2072 Guelf.
1072 2029 1172 2071 Ald.
1195 2029 1305 2072 Rob.
1326 2028 1442 2086 quod
1461 2028 1570 2070 inter
1589 2043 1658 2070 er·

188 2118 301 2144 rores
321 2100 600 2159 typotheticos
619 2098 760 2142 retulit
782 2098 895 2140 Rob.

246 2183 314 2220 42.
338 2170 557 2213 νεοσπαδὲς
575 2167 706 2223 ξίφος]
721 2165 957 2208 Wakefield
965 2181 1012 2207 us
1032 2165 1196 2222 quaerit,
1214 2165 1426 2222 quomodo
1446 2165 1488 2207 id
1505 2165 1661 2223 Pythia

188 2238 389 2295 conjicere
407 2247 479 2279 aut
503 2236 592 2279 visu
612 2235 843 2292 intelligere
871 2234 1069 2292 potuerit,
1090 2233 1277 2290 gladium
1305 2243 1490 2276 recenter
1511 2233 1663 2290 vagina

189 2315 420 2347 extractum
442 2320 542 2347 esse.
601 2306 665 2346 At
685 2319 779 2346 cum
802 2303 961 2346 Orestis
985 2317 1133 2344 manus
1160 2302 1362 2359 sanguine
1392 2302 1548 2344 recenti
1579 2301 1664 2344 stil-

189 2374 338 2424 larent,
359 2372 607 2429 gladiusque
628 2372 778 2429 vagina
798 2387 956 2413 vacuus
982 2371 1125 2413 itidem
1158 2386 1305 2412 cruore
1334 2371 1513 2413 infectus
1543 2378 1662 2423 esset,

191 2441 339 2497 quidni
365 2440 575 2497 colligeret
604 2456 699 2482 eum
731 2441 785 2482 ab
815 2440 970 2482 recenti
999 2439 1113 2481 caede
1144 2439 1227 2480 huc
1257 2439 1505 2496 confugisse,
1538 2449 1586 2481 ut
1612 2453 1665 2480 ne

193 2518 360 2565 tempus
388 2508 558 2565 quidem
588 2509 625 2550 ei
656 2517 897 2566 suppeteret
925 2507 1114 2565 gladium
1145 2507 1188 2548 in
1218 2507 1370 2563 vagina
1398 2506 1665 2549 recondendi.

195 2576 246 2618 Id
267 2576 382 2633 quod
402 2575 574 2633 pulchre
593 2576 784 2619 convenit
807 2591 903 2618 cum
926 2576 1084 2618 Orestis
1113 2575 1217 2631 fuga
1247 2575 1290 2616 in
1321 2585 1508 2616 extrema
1530 2575 1666 2617 Choe-

194 2644 420 2700 phorarum
452 2658 583 2686 scena.
643 2643 762 2686 Nihil
788 2643 918 2700 igitur
937 2659 1044 2700 opus
1063 2652 1125 2684 est
1153 2643 1380 2696 νεοσφαγὲς
1404 2643 1530 2696 ξίφος,
1552 2641 1668 2698 quod

194 2712 263 2754 ille
283 2710 462 2760 volebat,
482 2726 692 2767 reponere.
727 2712 862 2752 SCH.

252 2793 323 2833 44.
346 2778 485 2820 Verba
503 2778 617 2830 λήνει
636 2780 811 2834 μεγίστῳ
831 2778 884 2819 de
903 2777 1018 2819 vittis
1038 2777 1261 2834 praelongis
1282 2786 1380 2819 sunt
1399 2777 1670 2835 intelligenda

196 2863 292 2889 cum
326 2847 552 2903 interprete
583 2845 746 2888 Gallico
778 2845 1023 2888 Dutheilio:
1071 2860 1176 2902 quas
1206 2845 1331 2887 moris
1362 2845 1490 2887 fuisse
1519 2861 1671 2889 monu-

198 2925 337 2956 menta
365 2913 526 2955 docent.
589 2912 709 2964 Vide,
742 2923 789 2956 ut
819 2913 932 2955 hune
963 2927 1095 2956 unum
1125 2912 1308 2965 laudem,
1341 2914 1531 2957 Orestem
1564 2916 1674 2973 Sup-
1745 2937 1748 2942 ·
