1962 3224
405 162 720 207 ADDENDA
751 161 838 202 ET
871 157 1307 201 CORRIGENDA.
1506 154 1593 196 643

190 287 233 328 P.
253 287 351 338 467.
372 299 411 325 v.
432 293 533 338 455,
557 293 595 322 2.
618 279 756 335 αὐτόν]
780 279 908 320 αὐτῶν

187 355 237 395 Ρ.
257 353 356 406 468.
388 367 427 392 ν.
449 360 549 404 474,
575 362 615 404 3.
646 346 779 389 adde:
811 345 883 387 Ad
912 352 1149 400 corruptam
1184 342 1430 399 scripturam
1468 340 1592 382 libro-

130 436 221 464 rum
239 419 409 478 propius
423 417 579 460 accedit
595 415 640 458 δι’
659 416 770 468 ὠμὰν
792 415 875 468 ἔριν
895 411 1123 466 αἱματηράν,
1141 410 1256 467 quod
1277 409 1442 466 conjicit
1462 408 1593 450 Klau-

131 504 278 532 semus.

377 570 418 595 v,
439 554 537 608 484.
575 551 806 606 εὐδείπνοις]
844 535 1085 606 Respicitur
1120 548 1174 589 ad
1210 547 1408 597 εὕδειπνα,
1440 545 1594 586 sacrifi-

130 624 238 666 cium
260 623 373 680 apud
396 621 674 663 Athenienses
697 620 949 662 celebratum
980 618 1022 658 in
1053 617 1251 658 honorem
1274 615 1594 656 defunctorum:

130 691 183 733 de
202 707 288 748 quo
303 707 343 732 v,
366 690 476 731 locos
496 689 860 747 grammaticorum
879 688 920 729 in
940 687 1161 728 Thesauro
1179 683 1378 741 Stephani
1395 682 1598 724 indicatos

131 759 210 800 vol.
234 773 272 815 3.
296 775 334 814 p.
359 772 485 814 2219.
507 759 572 800 ed.
596 760 690 800 Par.
724 757 895 798 Monuit
916 754 1204 798 Blomfieldus.

190 828 239 867 P.
261 839 362 879 470,
384 843 422 868 v,
444 838 544 881 532,
567 839 606 878 4.
638 825 767 867 adde:
802 825 870 866 Sic
890 826 1008 877 λιβός
1037 838 1115 880 pro
1134 825 1275 874 λίβους
1295 820 1494 876 scriptum
1516 819 1598 860 fuit

133 911 174 937 v.
198 907 295 948 292.
1523 911 1528 915 -

385 978 423 1004 v,
444 974 543 1018 535.
575 960 754 1017 reliqui.]
786 959 957 1016 reliqui:
993 959 1104 1001 unde
1125 958 1348 1012 κέκλαγγεν
1368 956 1603 999 Ahrensius

134 1031 175 1072 in
198 1033 387 1073 Censura
406 1046 450 1086 p.
470 1040 568 1086 551.

396 1115 432 1140 v.
454 1100 552 1155 536.
590 1098 781 1153 ἀνῆλθον]
815 1098 964 1154 ἀνῇθον
996 1097 1192 1139 Valcken.
1230 1097 1283 1138 ad
1321 1095 1528 1138 Herodot.
1559 1109 1602 1146 4,

143 1178 237 1222 145.

196 1236 247 1276 P.
269 1246 366 1288 471.
390 1251 427 1276 ν.
450 1235 547 1290 568.
571 1235 722 1288 δόμοις]
747 1236 888 1286 δόμους
908 1233 1215 1275 Boissonadius.

198 1304 249 1344 P.
280 1313 379 1357 472,
409 1314 447 1344 2.
485 1302 615 1344 adde:
651 1303 795 1344 Primo
830 1302 919 1344 loco
953 1302 1161 1344 numerari
1192 1302 1348 1344 caedem
1380 1302 1604 1344 liberorum

140 1370 358 1427 Thyestae,
382 1370 563 1412 secundo
583 1370 926 1426 Agamemnonis,
946 1370 1068 1412 tertio
1086 1370 1271 1427 AEgisthi
1290 1380 1331 1412 et
1349 1370 1607 1427 Clytaemne-

140 1448 249 1489 strae,
270 1448 445 1495 apparet
464 1453 516 1479 ex
537 1437 754 1495 postremis
775 1438 902 1495 hujus
920 1438 1077 1480 fabulae
1097 1438 1297 1481 versibus.
1329 1439 1525 1480 BAMB.

198 1508 249 1548 P.
270 1518 369 1562 473.
391 1522 430 1548 ν.
453 1508 549 1557 600,
576 1520 643 1562 13.
666 1507 899 1548 BLOMF.
930 1507 1013 1562 De]
1036 1507 1268 1549 BLOMF.
1302 1507 1354 1548 In
1380 1507 1445 1548 his
1465 1522 1607 1548 vocem

142 1575 354 1617 κνωδάλων
377 1575 515 1616 omisit
535 1574 837 1622 Blomfieldus3
870 1585 914 1617 at
933 1574 1028 1632 quis
1057 1575 1134 1617 sibi
1164 1575 1412 1632 persuadeat
1433 1576 1607 1617 chorum

141 1643 184 1685 in
218 1658 378 1684 amores
412 1642 660 1699 illegitimos,
693 1642 898 1685 adulteria
930 1642 1141 1700 pecudum
1183 1643 1357 1685 invehi?
1407 1645 1475 1685 Ea
1509 1659 1610 1685 voce

142 1712 331 1769 apposita
351 1726 516 1754 necesse
537 1722 598 1754 est
618 1712 778 1768 aliquid
810 1713 939 1768 tangi,
957 1713 1072 1768 quod
1092 1719 1133 1753 et
1155 1712 1370 1753 hominum
1391 1723 1432 1754 et
1451 1712 1610 1754 anima-

143 1778 246 1821 lium
266 1779 430 1821 feminis
448 1780 676 1822 conveniat.
739 1781 880 1837 Igitur
907 1781 998 1837 ipsa
1017 1796 1062 1822 re
1091 1781 1264 1822 docente
1294 1781 1512 1837 praedicari
1541 1797 1612 1823 ex-

144 1846 375 1888 istimamus
404 1848 516 1903 quod
547 1863 691 1889 verum
726 1863 812 1889 esse
847 1848 955 1889 inter
986 1863 1128 1889 onmes
1152 1858 1328 1899 constat,
1363 1849 1612 1890 feminarum

146 1930 327 1956 amorem
349 1931 476 1971 quam
507 1918 783 1959 masculorum
800 1917 1146 1958 vehementiorem
1169 1933 1256 1959 esse
1276 1927 1317 1959 et
1337 1919 1493 1975 majore
1522 1917 1613 1959 libi-

147 1980 244 2022 dine
264 1981 477 2023 stimulari.
520 1984 716 2038 Συζύγους
735 1986 926 2037 ὁμαυλίας
944 1985 997 2027 de
1016 1985 1116 2042 ipsis
1134 1986 1386 2042 conjugibus
1405 1986 1612 2037 masculis,

149 2048 348 2102 ἆπέρωτος
368 2050 463 2103 ἔρως
482 2050 689 2094 infaustus
708 2069 823 2096 amor
840 2054 1016 2111 intelligi
1037 2054 1175 2096 debet.
1198 2055 1391 2096 BAMB.
1424 2057 1493 2097 De

206 2128 307 2172 473.
338 2133 376 2158 v.
400 2119 500 2171 604.
522 2119 662 2176 δαεὶς]
695 2122 789 2163 Vox
818 2132 1027 2179 corrupta,
1060 2132 1107 2164 ut
1133 2123 1253 2166 docet
1282 2139 1425 2165 versus
1452 2124 1613 2167 antistr.

151 2186 252 2236 614.
274 2187 437 2239 φοινίαν
457 2189 658 2231 Σκύλλαν.

207 2253 259 2293 Ρ.
279 2254 378 2307 478.
407 2270 446 2295 v.
469 2256 566 2308 642.
615 2258 769 2300 Versus
803 2271 1037 2319 corruptus.
1068 2262 1190 2304 πέδον
1229 2262 1271 2304 in
1299 2263 1405 2320 πέδῳ
1437 2265 1616 2307 mutavit

154 2335 385 2377 anonymus
403 2322 446 2363 in
466 2322 572 2365 libro
593 2325 871 2371 Mitfordiano
885 2331 998 2388 apud
1015 2331 1309 2373 Blomfieldum
1326 2349 1334 2374 :
1369 2333 1482 2387 quod
1503 2333 1616 2376 πέδοι

154 2387 294 2444 potius
323 2389 600 2444 scribendum,
621 2394 674 2436 de
693 2411 780 2452 quo
797 2398 906 2440 conf.
927 2408 1070 2441 annot.
1094 2409 1235 2442 nostra
1263 2400 1318 2442 ad
1349 2402 1490 2443 Prom.
1517 2413 1614 2457 749.

159 2456 356 2496 Ceterum
388 2457 536 2500 Bamb.
567 2462 742 2518 conjecit
773 2466 851 2507 διαὶ
883 2467 1004 2515 δίκας,
1040 2467 1085 2508 τὸ
1116 2468 1169 2519 μὴ
1201 2468 1311 2521 θέμις
1341 2468 1431 2522 παρ’
1464 2471 1510 2512 οὗ
1540 2473 1617 2522 λὰξ

157 2525 274 2563 πεδοῖ
289 2524 535 2576 πατούμενον
558 2527 780 2578 (hominem
812 2549 838 2574 a
866 2549 952 2589 quo
975 2535 1087 2591 quod
1119 2536 1350 2592 proculcari
1380 2538 1496 2579 nefas
1523 2553 1619 2594 pro-

157 2588 367 2630 culcatum
389 2595 467 2644 est)
498 2592 503 2648 Ι
529 2594 573 2635 τὸ
603 2599 683 2638 πᾶν
704 2599 799 2642 Διὸς
818 2601 946 2652 σέβας
976 2602 1248 2655 παρεκβάντος
1274 2604 1318 2645 οὗ
1341 2606 1546 2656 θεμίστως·
1578 2617 1619 2648 et

163 2656 203 2697 in
234 2656 492 2715 antistropho
510 2661 648 2704 τέκνον
668 2664 699 2705 δ’
723 2667 951 2720 ἐπεισφέρει
981 2670 1127 2721 δόμοις,
1146 2672 1263 2722 μύσει
1293 2670 1324 2712 δ’
1346 2672 1520 2724 αἱμάτων
1548 2692 1622 2716 πα-

167 2724 360 2799 λαιτέρων
385 2725 391 2782 Ι
418 2727 514 2769 τίνει
532 2730 656 2780 μύσος
675 2742 752 2774 etc.
784 2734 850 2775 De
871 2750 990 2777 versu
1013 2737 1221 2794 strophico
1240 2741 1441 2783 consentit
1456 2742 1623 2784 Ahren-

169 2806 254 2832 suis
282 2807 323 2833 ln
356 2794 543 2837 Censura
577 2812 617 2853 p.
640 2809 738 2854 551.
770 2801 845 2842 nisi
874 2803 988 2858 quod
1021 2807 1097 2856 λὰξ
1128 2806 1260 2863 ejicit:
1294 2807 1334 2849 in
1363 2809 1622 2868 antistropho

171 2873 267 2901 vero
298 2861 477 2918 corrigit,
501 2864 638 2907 τέκνον
671 2868 872 2918 (Orestes)
907 2870 938 2911 δ’
962 2874 1190 2928 ἐπεισφέρει
1212 2879 1281 2926 (sc.
1307 2877 1536 2933 φάσγανον)
1562 2882 1622 2921 δό-

833 2957 862 2995 4
883 2958 915 2985 M
942 2957 963 2987 2
