1962 3224
361 207 444 247 420
834 209 1327 250 ANNOTATIONES

421 325 747 372 1551—1559=
760 319 1048 374 1567—1576·

419 384 540 436 1448.
562 396 683 438 1449.
703 393 744 425 et
763 385 1043 441 antistrophici
1063 385 1104 426 in
1127 400 1253 426 unum
1274 400 1432 427 versum
1453 386 1738 442 conjungendi.

419 459 538 504 1450.
561 450 621 491 ἇεὶ
644 451 863 492 Porsonus.
895 452 969 493 αἰεὶ
988 451 1092 493 libri.

419 526 538 570 1452.
562 516 644 572 καὶ]
667 518 718 560 V.
741 517 794 558 ad
814 532 854 558 v.
877 527 996 571 1472.

418 593 537 637 1454.
558 584 651 634 βίον
670 583 778 625 delet
799 584 1016 625 Butlerus:
1051 584 1120 625 sed
1141 584 1391 640 probabilius
1414 594 1473 626 est
1503 585 1658 640 aliquid
1685 585 1791 627 exci—

355 647 461 689 disse
480 664 532 689 ex
552 663 671 690 versu
691 649 993 706 antistrophico.

417 717 703 769 1455—1461.
737 716 818 757 His
837 716 1023 757 versibus
1051 717 1318 757 Hermannus
1346 716 1590 773 respondere
1619 718 1793 759 credidit.

355 796 391 822 v.
412 791 702 836 1537—-1550,
724 797 847 838 quem
875 798 951 838 ego
979 783 1075 823 olim
1106 794 1268 825 secutus
1297 793 1492 839 quattuor
1510 799 1702 825 versuum
1723 784 1792 824 de-

354 847 507 888 fectum
538 857 630 903 post
658 864 698 890 v.
725 849 843 903 1458.
874 849 1064 890 indicavi.
1123 851 1247 891 Nunc
1276 850 1374 890 mihi
1404 865 1550 906 parum
1583 850 1791 906 probabile

355 913 518 954 videtur
564 914 668 955 hanc
707 930 831 956 unam
869 915 1168 972 antistrophum
1209 924 1291 957 tam
1330 918 1453 972 longo
1489 917 1701 958 intervallo
1738 918 1791 958 ab

356 980 524 1036 stropha
551 996 624 1021 sua
646 992 871 1037 separatam
890 982 1028 1032 fuisse,
1050 998 1179 1038 quum
1210 983 1378 1039 reliquae
1408 983 1585 1038 strophae
1614 992 1654 1023 et
1682 983 1788 1024 anti-

353 1047 508 1103 strophi
534 1048 648 1102 justo
676 1063 722 1089 ac
745 1048 926 1104 legitimo
955 1049 1096 1090 ordine
1127 1065 1211 1091 sese
1240 1050 1455 1105 excipiant.
1515 1050 1790 1099 Quamobrem

352 1122 461 1154 recte
500 1114 787 1155 Blomfieldum
832 1115 1038 1171 judicasse
1074 1131 1217 1157 censeo
1255 1130 1446 1157 versuum
1487 1126 1564 1170 145
1567 1118 1788 1170 5-1461,

354 1195 495 1221 versus
514 1180 826 1237 antistrophicos
845 1193 936 1238 post
958 1198 995 1223 v.
1017 1195 1136 1236 1474.
1157 1182 1363 1224 excidisse.

414 1260 537 1302 1455.
561 1247 751 1288 Alterum
775 1250 817 1289 ἰὼ
837 1249 1071 1290 addendum
1093 1265 1178 1290 esse
1200 1249 1301 1290 vidit
1322 1249 1599 1290 Blomfieldus.

406 1314 602 1366 παράνους
623 1316 901 1356 Hermannus.
962 1316 1199 1372 Legebatur
1217 1317 1476 1370 παρανόμους.

412 1382 531 1435 1458.
564 1384 632 1422 νῦν
662 1383 705 1422 δὲ
733 1382 903 1436 τελείαν]
926 1383 1027 1423 Post
1056 1382 1142 1424 haec
1162 1382 1286 1423 verba
1307 1383 1426 1438 plura
1445 1382 1638 1423 excidisse
1658 1382 1787 1423 mani-

349 1447 500 1489 festum
521 1457 592 1489 est.
653 1450 764 1498 Quot
783 1464 923 1489 versus
949 1449 1140 1504 perierint
1169 1449 1327 1490 definiri
1357 1449 1499 1504 nequit
1527 1464 1656 1505 quum
1686 1449 1789 1490 anti-

352 1515 545 1571 strophus
565 1515 770 1557 exciderit.

411 1594 532 1636 1459.
556 1583 765 1638 ἐπηνθίσω]
787 1584 989 1634 ἀπηνθίσω
1011 1585 1291 1625 Casaubonus.

407 1648 504 1703 αἷμ’]
547 1648 592 1689 δι’
629 1648 703 1701 αἷμ’
738 1649 841 1690 libri.
892 1649 937 1691 δι’
974 1651 1091 1705 ejecit
1122 1650 1398 1701 Wellauerus,
1430 1658 1551 1699 reete,
1585 1650 1659 1690 nisi
1693 1658 1787 1705 post

350 1717 543 1768 ἐπηνθίσω
562 1715 681 1771 plura
701 1716 954 1757 exciderunt.

410 1784 529 1834 1461.
561 1783 761 1835 ἐρίδματος
779 1782 972 1838 explicari
991 1791 1125 1839 potest
1144 1798 1171 1824 a
1190 1784 1442 1824 contentione
1460 1783 1683 1838 cedfficata,
1701 1782 1728 1822 i.
1749 1797 1784 1822 e.

347 1850 438 1891 rixa
466 1851 596 1891 rixam
627 1851 758 1906 parit:
791 1851 861 1892 sed
892 1850 1027 1892 malim
1055 1851 1189 1906 legere
1208 1866 1300 1892 cum
1326 1850 1530 1906 Scaligero
1551 1851 1784 1904 ἐριδμαντός,

347 1917 401 1958 ab
421 1919 638 1970 ἐριδμαίνω,
658 1919 797 1959 irrito.
831 1918 1001 1958 Homer.
1024 1918 1074 1958 Il.
1098 1923 1149 1959 Π.
1173 1928 1267 1972 259.
1299 1919 1527 1959 BLOMF.

405 1984 504 2032 οἰζύς
526 1985 744 2024 Porsonus.
775 1984 876 2033 ὀϊζύς
897 1983 1033 2040 vulgo.

409 2053 529 2102 1464.
553 2049 759 2105 ἐκτρέψῃς]
782 2050 963 2104 ἐκτρέχῃς
983 2051 1047 2092 Fl.

408 2119 529 2169 1466.
550 2115 733 2171 ὀλέσασ’]
754 2118 906 2157 ὄλεσαν
926 2118 994 2158 Fl.

408 2185 530 2236 1467.
554 2181 773 2232 ἀξύστατον
792 2181 929 2238 ἄλγος]
950 2184 1141 2225 Dolorem
1160 2186 1232 2240 qui
1251 2185 1510 2239 haudflzcz'le
1527 2185 1621 2226 sisti
1637 2191 1782 2240 potest,

344 2250 575 2290 insanabile
595 2250 759 2289 malum.
793 2251 923 2290 SCH.

407 2316 526 2367 1468.
549 2316 742 2366 ἐμπίτνεις
764 2317 978 2357 Canterus.
1010 2317 1208 2368 ἐμπίπτεις
1226 2316 1333 2357 libri.

403 2381 590 2432 διφυίοισι
611 2381 888 2421 Hermannus.
921 2384 1093 2433 διφυεῖσι
1117 2380 1219 2421 libri.
1252 2381 1440 2434 δεκάφυια
1465 2381 1569 2422 dixit
1591 2381 1781 2423 Callima-

345 2446 447 2487 chus
466 2446 517 2486 fr.
540 2458 630 2496 142.
652 2461 720 2501 ap.
742 2447 884 2502 Etym.
908 2447 974 2486 M.
995 2461 1037 2502 p.
1060 2457 1153 2501 254,
1174 2460 1235 2498 14.

407 2514 527 2566 1469.
557 2514 864 2554 Τανταλίδαισιν
884 2514 1033 2554 rectius
1060 2514 1112 2554 de
1132 2515 1264 2555 Atreo
1293 2523 1332 2555 et
1354 2514 1556 2571 Thyesta,
1576 2529 1700 2570 quam
1731 2514 1783 2555 de

344 2582 656 2636 Agamemnone
675 2589 717 2622 et
737 2581 930 2622 Menelao
949 2581 1133 2637 accipias.
1181 2583 1350 2637 Semper
1370 2580 1476 2621 enim
1497 2580 1621 2622 choro
1640 2581 1782 2622 obver-

345 2657 487 2689 santur
506 2648 666 2688 illorum
687 2647 861 2703 piacula,
877 2663 972 2704 quae
992 2648 1113 2689 etiam
1133 2648 1174 2689 in
1195 2647 1366 2704 posteris
1386 2647 1627 2703 puniuntur.
1650 2648 1780 2688 SCH.

345 2716 632 2756 Τανταλίδεσιν
653 2715 717 2755 Fl.

407 2794 526 2834 1470.
550 2781 581 2821 τ’
603 2781 761 2823 addidit
782 2783 1058 2823 Hermannus.

403 2849 538 2900 κράτος
566 2848 597 2889 τ’
630 2848 843 2903 ἰσόψυχον]
875 2850 1034 2889 Locum
1066 2848 1122 2889 sic
1151 2849 1272 2889 vertit
1294 2848 1513 2893 Butlerus;
1542 2861 1625 2902 par
1655 2847 1781 2888 robur

326 2917 424 2970 jam
448 2929 531 2971 per
542 2915 736 2970 fiminas
758 2916 979 2970 (Helenam
993 2931 996 2934 ·
1011 2915 1094 2957 scil.
1115 2925 1155 2957 et
1177 2915 1549 2971 Clytaemnestram)
1571 2928 1650 2969 quo
1676 2914 1778 2954 mihi
