1962 3224
358 201 443 243 446
828 201 1324 260 ANNo-TATIONES

355 310 482 365 igitur
503 310 713 361 Butlerus,
734 314 762 336 ‘⁶
782 310 930 364 Σχέδια
946 309 1050 361 βέλη
1070 317 1165 350 sunt
1186 308 1340 364 quibus
1364 308 1550 349 cominus
1575 319 1798 364 pugnatur,

356 377 558 418 αὐτόκωπα
592 391 687 432 quae
722 391 803 417 non
838 377 1075 425 mittuntur,
1108 384 1156 416 ut
1188 375 1328 430 jacula
1362 384 1403 416 et
1438 375 1612 430 sagittae,
1648 375 1800 431 quibus

354 442 516 484 nullum
537 453 598 484 est
618 442 894 492 manubrium,
916 442 986 483 sed
1007 457 1101 498 quae
1121 442 1162 483 in
1182 457 1322 498 pugna
1343 441 1507 484 statoria
1535 441 1799 492 adhibentur,

357 524 452 550 cum
481 509 533 550 ad
563 508 893 564 digladiationem
916 518 1081 550 ventum
1110 518 1185 558 est,
1215 523 1328 550 enses
1356 508 1440 549 scil.
1471 508 1623 564 quibus
1651 524 1797 554 manu-

355 575 491 616 brium
523 576 622 616 est.''
653 576 881 616 BLOMF.
942 576 994 616 In
1025 575 1207 631 margine
1237 576 1362 631 hujus
1383 591 1522 616 versus
1547 586 1731 616 notatum
1757 576 1797 616 in

358 644 424 683 Μ.
442 660 505 696 γρ.
530 643 678 694 ἕτοιμα.

414 710 649 762 αὐτόκωπος]
680 709 788 750 Cum
816 710 907 764 ipso
935 709 1171 749 manubrio.
1233 709 1301 749 Ita
1330 718 1466 748 noster
1487 710 1799 763 Agamemnone

358 776 566 816 αὐτότοκον
589 777 727 829 (134.)
749 784 788 815 et
811 775 1031 827 αὐτόχθονα
1053 774 1190 828 (519.)
1239 774 1367 815 Plane
1386 773 1595 829 geminum
1615 784 1676 814 est
1695 773 1798 814 illud

359 841 575 897 Hesychii,
597 842 832 892 Αὐτόλαβον
851 857 860 881 :
894 843 1031 882 ἑαυτοῦ
1050 841 1184 891 λαβὴν
1204 840 1310 893 ἔχον.
1349 841 1509 881 STAN
1516 841 1566 881 L.

414 908 534 962 βέλη]
563 908 714 948 Errore
743 907 896 948 librarii
925 922 976 947 ex
1007 922 1124 947 versu
1156 907 1411 961 praecedente
1440 906 1612 948 illatum.
1671 909 1800 948 Recte

359 974 553 1015 Pauwius
586 975 678 1026 ξίφη
711 973 888 1014 restituit
921 987 971 1013 ex
1007 972 1268 1013 annotatione
1297 972 1537 1022 scholiastae,
1569 974 1796 1015 αὐτόκωπα;

358 1043 407 1082 τὰ
426 1040 493 1093 ἀφ’
518 1042 663 1081 ἑαυτῶν
684 1040 827 1093 ἔχοντα
846 1040 916 1090 τὴν
942 1039 1076 1090 λαβὴν
1102 1038 1208 1091 ξίφη.
1241 1038 1381 1092 σχέδια
1410 1040 1453 1080 δὲ
1484 1040 1527 1080 ἐκ
1556 1043 1623 1080 τοῦ
1653 1041 1800 1094 σχεδὸν

359 1108 590 1160 φονεύοντα,
615 1107 677 1147 καὶ
696 1107 740 1147 οὐ
762 1108 960 1159 πόρρωθεν
981 1107 1113 1158 ὥσπερ
1133 1108 1181 1146 τὰ
1200 1105 1316 1157 βέλη.

420 1176 512 1226 164.
540 1173 678 1214 Aldus
706 1173 830 1213 choro
859 1172 1095 1213 continuat:
1128 1171 1223 1212 dein
1243 1181 1336 1227 post
1354 1187 1396 1212 v.
1414 1173 1505 1225 167.
1526 1187 1716 1227 personas
1734 1173 1796 1213 in-

358 1240 478 1280 vertit
499 1254 629 1294 usque
649 1238 700 1278 ad
723 1253 762 1278 v.
783 1239 877 1279 182.
909 1238 1140 1279 BLOMF.
1201 1237 1267 1278 Sic
1287 1237 1406 1278 etiam
1431 1237 1572 1278 Guelf.

414 1307 607 1359 γαπότους
627 1306 762 1345 Turn.
786 1304 927 1360 Steph.
949 1305 1094 1345 ἆπότου
1115 1305 1179 1344 Μ.
1199 1304 1341 1345 Guelf.
1363 1303 1463 1344 Ald.
1487 1304 1670 1346 εὐπότους
1690 1304 1798 1345 Rob.

421 1375 516 1426 165.
540 1373 606 1412 De
626 1371 702 1412 hoc
724 1387 842 1412 versu
867 1387 904 1412 v.
928 1371 978 1412 ad
1002 1387 1042 1411 v.
1065 1383 1156 1422 124.

415 1439 579 1492 μέγιστε
603 1437 821 1479 Stanleius.
852 1438 1016 1490 μεγίστη
1036 1436 1142 1478 libri.

420 1516 511 1558 172.
543 1505 611 1546 οὐκ
641 1505 749 1546 ἔστιν
776 1505 884 1547 ὅστις
909 1503 1013 1554 πλὴν
1039 1505 1133 1555 ἐμοῦ
1163 1504 1328 1555 κείραιτο
1352 1504 1516 1555 (κείρετο
1536 1502 1676 1544 Guelf.
1697 1503 1799 1544 Ald.

361 1573 489 1625 Rob.)
514 1573 591 1626 νιν]
617 1572 750 1612 Nemo
769 1577 828 1612 est
850 1577 1010 1626 praeter
1029 1584 1105 1619 me,
1125 1571 1197 1625 qui
1223 1571 1303 1610 sibe:
1332 1569 1440 1610 hunc
1468 1570 1704 1610 cincinnum
1724 1585 1803 1624 po-

361 1641 487 1680 tuerit
506 1639 748 1684 detondere;
781 1637 846 1677 hic
865 1647 1002 1677 autem
1025 1635 1300 1691 supplendum
1322 1645 1394 1685 est,
1417 1636 1529 1690 quod
1549 1635 1666 1676 facile
1685 1635 1802 1676 intel-

359 1705 579 1761 ligebatur,
600 1718 726 1759 neque
746 1709 879 1744 tamen
903 1716 1014 1743 meus
1034 1708 1094 1743 est
1111 1703 1341 1743 cincinnus.
1375 1703 1504 1743 SCH.
1565 1703 1658 1743 Hac
1677 1702 1800 1743 inter-

359 1771 585 1827 pretatione
615 1786 695 1811 non
726 1769 883 1811 tollitur
913 1769 1092 1824 vulgatae
1122 1768 1334 1824 scripturae
1362 1769 1609 1810 absurditas
1672 1770 1801 1810 Recte

362 1839 570 1879 Dobraeus
588 1837 693 1888 πλὴν
715 1838 800 1879 ἑνός
819 1835 1007 1877 correxit.

423 1918 517 1959 173.
540 1904 692 1957 ἐχθροὶ]
719 1905 874 1956 ἐχθροῖς
893 1902 994 1942 Ald.
1017 1902 1152 1942 Turn.

424 1985 514 2024 174.
547 1969 648 2022 κάρτ’
681 1972 776 2023 ἰδεῖν
806 1969 1034 2022 ὁμόπτερος]
1063 1969 1192 2008 Hunc
1222 1967 1355 2008 locum
1385 1978 1526 2023 aperte
1554 1968 1661 2009 ridet
1681 1969 1805 2009 Euri-

363 2038 477 2093 pides
496 2038 536 2078 in
559 2037 624 2078 El.
650 2050 748 2091 519.
770 2051 795 2076 a
816 2035 996 2077 Stanleio
1014 2034 1218 2081 laudatus,
1240 2035 1324 2075 Οὐκ
1351 2034 1421 2085 ἄξι’
1443 2036 1595 2087 ἀνδρός,
1618 2033 1647 2075 ὦ
1670 2035 1802 2088 γέρον,

362 2109 492 2158 σοφοῦ
519 2104 664 2158 λέγεις,
685 2105 735 2144 Εἰ
754 2102 922 2156 κρυπτὸν
943 2104 997 2145 εἷς
1022 2104 1097 2154 γῆν
1115 2100 1217 2151 τήνδ’
1240 2100 1289 2141 ἂν
1309 2102 1499 2153 Αἰγίσθου
1527 2101 1643 2155 φόβῳ
1664 2106 1804 2145 Δοκεῖς

362 2172 540 2224 ἀδελφὸν
559 2171 629 2211 τὸν
651 2171 746 2222 ἐμὸν
767 2170 936 2222 εὐθαρσῆ
954 2172 1106 2220 μολεῖν.
1146 2167 1314 2209 Ἔπειτα
1331 2168 1467 2221 χαίτης
1484 2171 1564 2210 πῶς
1583 2166 1803 2216 ξυνοίσεται

362 2241 532 2285 πλόκος;
562 2237 613 2278 Ὁ
632 2239 706 2289 μὲν
724 2237 984 2288 παλαίστραις
1004 2234 1143 2287 ἀνδρὸς
1162 2234 1341 2286 εὐγενοῦς
1365 2233 1538 2286 τραφείς,
1569 2232 1619 2274 Ὁ
1650 2235 1693 2274 δὲ
1722 2251 1805 2275 κτε-

363 2309 516 2356 νισμοῖς
535 2307 666 2354 θῆλυς·
698 2301 787 2343 ἀλλ’
810 2301 1024 2355 ἀμήχανον.
1085 2300 1270 2342 Πολλοὺς
1297 2298 1328 2340 δ’
1350 2299 1399 2341 ἂν
1419 2301 1543 2353 εὕροις
1560 2301 1805 2353 βοστρύχους

362 2370 598 2423 ὁμοπτέρους
619 2370 694 2410 Καὶ
712 2369 764 2420 μὴ
782 2371 954 2420 γεγῶσιν
973 2367 1132 2418 αἵματος
1151 2369 1302 2413 ram-013,
1324 2366 1454 2419 γέρον.
1506 2367 1662 2422 Tangit
1681 2366 1802 2407 etiam

362 2436 663 2492 Aristophanes
682 2435 723 2475 in
745 2434 859 2475 Nub.
880 2428 977 2488 534⁶.
997 2448 1022 2473 a
1043 2432 1222 2474 Stanleio
1241 2432 1387 2473 citatus
1405 2449 1414 2473 :
1446 2437 1534 2474 Νῦν
1557 2434 1639 2480 οὖν,
1661 2433 1805 2474 Ἠλέκ-

362 2521 458 2556 τραν
490 2502 569 2544 κάτ’
602 2503 768 2552 ἐκείνην,
798 2499 855 2551 ἥδ’
885 2501 909 2551 ἡ
939 2500 1115 2554 κωμῳδία
1144 2498 1305 2550 Ζητοῦσ’
1342 2499 1430 2550 ἦλθ’
1461 2499 1511 2551 ἤν
1544 2516 1618 2540 που
1651 2498 1804 2555 ’πιτύχῃ

364 2574 518 2613 θεαταῖς
548 2571 645 2611 οὕτω
676 2572 830 2620 σοφοῖς.
871 2567 1070 2607 Γνῶσεται
1106 2568 1195 2619 γὰρ,
1228 2565 1350 2617 ἤνπερ
1388 2567 1462 2621 ἴδῃ,
1497 2566 1696 2618 τάδελφοῦ
1735 2565 1805 2606 τὸν

361 2639 601 2690 βόστρυχον.
660 2634 750 2676 Ubi
770 2632 999 2683 scholiasta,
1021 2633 1221 2686 Αἰσχύλος
1239 2632 1399 2683 ἐποίησε
1419 2635 1543 2685 δρᾶμα
1561 2633 1803 2684 Χοηφόρους·

365 2705 408 2744 ἐν
438 2702 467 2759 ᾧ
495 2701 696 2754 Ἠλέκτρα
724 2698 1014 2753 παραγινομένη
1045 2700 1098 2742 εἷς
1125 2698 1195 2740 τὸν
1223 2697 1352 2750 τάφον
1380 2702 1447 2739 τοῦ
1477 2699 1633 2750 πατρός,
1665 2699 1708 2738 ἐκ
1736 2701 1804 2738 τοῦ

363 2770 565 2821 πλοκάμου
594 2767 664 2809 τὸν
694 2767 872 2819 ἀδελφὸν
902 2766 1127 2818 ἐγνώρισεν.
1188 2764 1338 2806 Similis
1367 2764 1451 2805 fere
1481 2763 1711 2805 absurditas
1743 2772 1804 2804 est

363 2836 403 2876 in
427 2837 573 2892 Odyss.
597 2839 647 2876 Δ.
666 2847 758 2885 141.
781 2833 853 2874 ubi
872 2833 1091 2873 Menelaus
1117 2841 1158 2873 et
1187 2831 1348 2871 Helena
1376 2829 1685 2880 Telemachum,
1705 2839 1803 2871 tunc

363 2903 541 2958 primum
575 2901 720 2950 visum,
752 2914 804 2940 ex
840 2898 959 2939 vultu
995 2898 1084 2951 ejus
1117 2906 1157 2938 et
1190 2896 1345 2952 capillis
1377 2905 1616 2952 agnoscunt.
1676 2897 1800 2937 Hanc
