1962 3224
565 195 655 237 AD
687 194 976 236 AGAMEM
983 193 1109 235 NON
1113 193 1223 235 EM.
1547 191 1630 231 425

170 319 293 364 1550.
354 307 570 348 Lacunam
598 305 832 363 repetendis
851 305 931 346 illis
950 304 1049 362 ipsis
1070 304 1256 346 versibus
1276 302 1522 359 explendam
1545 318 1631 344 esse

165 375 270 417 vidit
290 373 514 416 Burneius.

225 443 349 499 1568.
368 442 569 496 χρησμόν]
596 440 870 483 Scribendum
891 441 1070 494 χρησμός
1095 454 1191 480 cum
1214 437 1477 478 Casaubono.
1508 454 1632 491 χρησ-

164 511 241 563 μόν
259 509 333 566 qui
353 524 515 551 servare
532 508 688 560 volent,
707 507 851 560 ἐνέβης
870 507 1047 549 scribere
1066 506 1295 556 debebunt,
1317 505 1433 561 quod
1458 504 1633 561 conjecit

168 579 388 620 Canterus.
611 609 642 633 ‹a›

230 647 354 701 1569.
375 648 670 687 Πλεισθενιδᾶν
690 645 745 686 Τ.
808 642 1081 685 scribendum
1105 644 1419 684 Πλεισθενιδῶν.

229 729 354 774 1570.
378 719 523 772 θεμένη
544 717 610 759 Fl.
643 717 791 770 θεμένα
810 715 950 773 vulgo.
983 708 1131 769 θεμένᾶ
1152 716 1210 756 Τ.

227 796 349 843 1571.
370 786 585 842 δύστλητα]
607 786 814 838 δύσπλητα
835 784 900 826 Fl.
962 785 1066 826 Post
1087 781 1171 826 ὄνθ’
1193 796 1355 824 comma
1374 791 1568 838 ponatur.

227 867 351 910 1573.
371 853 815 908 τρίβειν-αὐθένταισι
833 867 915 894 om.
939 854 995 894 T.

224 921 399 964 κτεάνων
418 921 476 978 τε]
500 921 674 964 κτεάνων
693 923 737 963 δὲ
758 921 819 963 Is.
837 920 1022 963 Vossius.

229 999 352 1046 1575.
375 990 706 1043 κᾶλληλοφόνους
727 990 946 1032 canterus.
978 989 1008 1031 δ’
1032 989 1343 1042 ἀλληλοφόνους
1362 985 1468 1028 libri.

230 1068 353 1115 1579.
375 1058 452 1111 ἄγη
473 1059 676 1099 Auratus.
708 1058 787 1112 ἄχη
807 1057 915 1099 libri.

231 1127 355 1182 1580.
378 1124 587 1180 Ἐρινύων]
608 1126 825 1179 Ἐριννύων
844 1124 953 1166 libri.

232 1195 352 1249 1582.
374 1191 515 1248 χερὸς]
537 1193 671 1247 χειρὸς
689 1193 745 1233 Τ.

231 1261 340 1316 1585
347 1291 356 1301 .
380 1259 519 1316 αὑτοῦ]
541 1260 660 1302 αὐτοῦ
680 1259 790 1302 libri.

226 1328 259 1371 δ’
280 1327 507 1370 Elmsleius
526 1326 581 1369 ad
602 1327 756 1384 Eurip.
780 1328 901 1369 Med.
924 1340 1022 1382 940.
1042 1342 1086 1383 p.
1111 1328 1208 1368 226.
1271 1324 1542 1367 Scribebatur
1561 1324 1606 1364 τ’.

226 1397 471 1451 ἀμφίλεκτος
491 1394 547 1437 ὢν
569 1395 716 1451 κράτει]
738 1394 878 1437 Aliter
896 1405 1024 1451 atque
1044 1394 1112 1436 alii
1132 1403 1256 1452 poeta
1277 1392 1479 1451 Thyestis
1499 1391 1641 1433 Atrei-

170 1481 254 1523 que
271 1463 458 1506 fabulam
476 1463 687 1505 informat.
738 1463 883 1520 Fingit
904 1464 1011 1505 enim
1034 1462 1262 1505 dissensum
1283 1461 1391 1502 inter
1413 1469 1641 1515 utrumque

171 1533 340 1575 fratrem
362 1531 416 1573 de
433 1530 625 1588 imperio,
645 1531 998 1587 quemadmodum
1029 1531 1137 1572 inter
1156 1529 1371 1572 Eteoclem
1402 1538 1444 1570 et
1466 1526 1637 1584 Polyni-

172 1617 261 1643 cem
295 1600 439 1651 fuisse,
471 1599 623 1641 deinde
659 1598 891 1656 Thyestem
925 1599 978 1641 ab
1014 1600 1149 1640 Atreo
1180 1598 1222 1639 in
1259 1597 1451 1639 exsilium
1485 1606 1640 1645 actum,

172 1667 300 1726 paulo
318 1677 414 1724 post
432 1666 601 1708 rediisse
621 1675 662 1708 et
683 1666 826 1708 salutis
845 1682 969 1709 causa
992 1666 1047 1708 ad
1074 1681 1186 1708 aram
1215 1665 1464 1722 confugisse.
1525 1665 1641 1705 Tum

174 1738 357 1778 Atreum
376 1750 471 1776 eum
491 1734 710 1776 horrendis
729 1734 808 1776 illis
828 1744 870 1776 et
891 1734 1096 1776 sceleratis
1116 1733 1252 1791 epulis
1280 1732 1502 1789 excepisse.
1565 1732 1642 1772 Ve-

174 1819 268 1846 rum
289 1803 415 1845 serior
433 1802 591 1852 fabula,
612 1816 738 1858 quam
763 1802 919 1843 Seneca
947 1817 1118 1858 quoque
1146 1801 1188 1842 in
1221 1800 1410 1857 Thyeste
1439 1799 1643 1855 sequitur,

177 1873 355 1913 Atreum
386 1885 434 1911 ac
465 1870 696 1926 Thyestem
727 1868 895 1910 alternis
924 1868 1041 1910 annis
1070 1868 1272 1925 regnandi
1299 1868 1410 1910 vices
1438 1867 1644 1924 pepigisse

178 1938 319 1981 tradit.
379 1938 608 1994 Thyestem
652 1952 748 1978 vero
785 1936 839 1977 ab
871 1937 1040 1992 Aerope
1079 1935 1219 1977 fratris
1258 1951 1402 1986 uxore,
1440 1950 1564 1991 quam
1603 1934 1643 1975 in

178 2005 429 2047 adulterium
468 2004 698 2061 pellexerit,
734 2003 936 2059 adjutam,
975 2003 1089 2044 aurei
1125 2003 1285 2044 velleris
1323 2003 1490 2044 arietem
1525 2003 1646 2058 cujus

179 2072 401 2131 possessori
434 2087 609 2128 regnum
650 2070 747 2112 fatis
785 2070 1035 2111 destinatum
1078 2079 1180 2122 erat,
1212 2070 1440 2120 abstulisse,
1476 2080 1564 2111 tum
1602 2070 1645 2110 in

180 2141 350 2183 exilium
377 2139 536 2190 abiisse,
558 2138 684 2195 paulo
708 2147 802 2194 post
829 2137 883 2179 ab
905 2139 1039 2179 Atreo
1068 2153 1143 2194 per
1171 2138 1345 2193 speciem
1375 2137 1646 2180 reconciliatae

181 2208 403 2251 voluntatis
421 2216 671 2250 revocatum.
706 2206 840 2247 SCH.

243 2277 367 2332 1587.
390 2275 538 2330 ἑστίας]
561 2275 698 2315 ἑστίαν
717 2274 921 2314 Auratus.

244 2344 367 2399 1588.
389 2342 526 2398 εὕρετ’]
550 2341 822 2384 scribendum
843 2339 982 2393 ηὕρετ’.
1012 2338 1116 2392 ἤρετ’
1140 2342 1342 2381 Auratus.

247 2413 369 2466 1589.
390 2412 493 2452 Post
512 2409 635 2451 πέδον
654 2419 858 2465 punctum
878 2417 1068 2464 ponatur.

247 2491 367 2533 1590.
390 2478 519 2518 αὐτοῦ·
550 2476 677 2530 ξένια]
702 2476 835 2516 Recte
857 2476 1127 2516 Hermannus
1148 2475 1359 2526 ἇστοξένια
1378 2475 1568 2516 correxit.

247 2554 371 2599 1592.
403 2543 613 2596 κρεουργὸν
631 2542 749 2597 ἦμαρ]
770 2543 877 2584 Dies
900 2557 980 2599 quo
998 2543 1229 2583 celebratur
1249 2543 1482 2582 visceratio.
1545 2542 1646 2582 Post

186 2611 380 2654 sacrificia
399 2611 522 2661 facta,
543 2610 702 2667 populo
722 2610 907 2651 carnium
932 2609 1170 2651 distributio
1189 2609 1329 2659 fiebat,
1350 2609 1647 2649 recentioribus
1675 2630 1678 2634 ·

186 2680 298 2721 dicta
318 2678 555 2731 κρεοδαισία,
578 2678 796 2730 κρεοδοσία,
819 2678 1041 2729 κρεανομία.
1104 2676 1187 2717 Sed
1208 2676 1274 2717 hic
1294 2676 1470 2732 ceperim
1492 2675 1647 2731 simpli-

187 2747 275 2788 cius
294 2761 371 2802 pro
391 2745 594 2799 diefisto‚
610 2745 657 2784 in
672 2758 751 2799 quo
765 2745 954 2784 convivi-5
975 2757 1121 2784 carnes
1141 2744 1471 2799 adponebantur.
1494 2742 1645 2798 Odyss.

188 2817 238 2855 O.
258 2826 353 2865 140.
374 2814 454 2864 πὰρ
483 2811 526 2852 δὲ
545 2809 756 2861 Βοηθοΐδης
776 2809 871 2862 κρέα.
890 2811 1036 2860 δαίετο,
1058 2812 1121 2850 καὶ
1142 2809 1235 2861 νέμε
1259 2810 1408 2862 μοίρας.
1470 2810 1550 2851 Est
1570 2824 1643 2850 au-

189 2891 270 2922 tem
293 2880 499 2933 κρεουργός
518 2879 676 2920 lanius.
707 2878 938 2919 BLOMF.

253 2958 372 3002 1593.
392 2947 579 2988 παιδείων
600 2946 635 2986 F
640 2946 666 2987 l.
689 2946 745 2986 T.
778 2945 943 2986 παιδίων
960 2944 1100 3001 vulgo.

882 3025 962 3067 311
