1962 3224
663 148 753 188 AD
784 144 1177 188 EUMENIDES.
1569 144 1652 186 541

185 261 299 317 quod
323 271 528 303 corrector
552 259 748 303 metricus
778 257 954 301 trimetri
982 254 1161 298 faciendi
1189 270 1335 297 caussa
1364 253 1540 306 addidit,
1563 270 1654 296 ver-

184 329 332 387 bisque
359 331 448 384 περὶ
476 330 612 383 βρέτει
639 329 682 370 in
709 342 872 370 versum
903 325 1158 383 proximum,
1179 323 1252 380 qui
1282 322 1551 365 dochmiacus
1580 334 1655 375 est,

185 397 402 439 translatis.

242 466 331 520 περὶ
348 465 500 521 βρέτει]
525 463 763 518 περιβλέπει
785 465 842 505 Τ.

243 536 339 579 260.
358 535 540 578 ὑπόδικος
561 533 672 576 θέλει
691 532 882 588 γενέσθαι
900 531 1045 587 χερῶν]
1074 531 1168 572 Vult
1194 543 1292 571 reus
1320 542 1407 570 esse
1436 542 1655 578 manuum,

183 603 209 644 i.
243 619 281 645 e.
311 604 437 646 caedis
467 609 667 660 peractae.
728 602 927 644 Solebam
957 600 1011 642 ad
1045 599 1211 657 judices
1242 612 1470 656 provocare
1504 596 1655 638 confu-

183 671 342 728 gientes
362 671 540 729 primum
563 671 616 713 ad
637 680 794 713 statuas
818 670 1008 718 deorum,
1031 684 1056 710 a
1085 667 1240 724 quibus
1270 681 1354 708 non
1386 664 1659 707 discedebant

183 740 301 798 prius
320 756 447 798 quam
471 740 638 797 cognita
661 752 767 782 esset
797 754 933 781 causa.
966 736 1154 794 Hesych.
1176 735 1395 779 Ὕπόδικος·
1425 735 1657 785 ὑπεύθυνος,

184 811 387 864 χρεώστης
417 810 558 864 ἔνοχος
588 810 706 861 δίκης.
746 809 970 851 STANL.
1014 811 1144 862 χερῶν
1173 806 1215 848 in
1246 809 1376 860 χρεῶν
1406 802 1657 845 mutandum

186 878 406 920 videbatur
438 877 660 935 Scaligero,
692 877 807 935 quod
840 876 1131 919 Wakefieldus
1158 876 1212 917 ab
1245 873 1465 916 scholiasta
1500 873 1659 914 lectum

187 961 274 988 esse
293 946 480 1003 conjecit,
501 947 575 1004 qui
595 945 824 997 annotavit,
846 944 932 987 ἀνθ’
950 947 1004 988 ὧν
1024 946 1116 998 ἡμῖν
1131 947 1331 999 χρεωστεῖ
1345 944 1532 997 πρόσφυξ
1548 941 1660 984 θέλει

187 1015 378 1068 γενέσθαι
410 1018 477 1068 τῆς
510 1019 616 1058 θεοῦ.
677 1017 868 1067 Quocum
902 1015 1227 1073 comparandum
1264 1012 1379 1070 quod
1419 1012 1660 1069 conjectura

187 1098 271 1125 non
313 1083 576 1141 improbabili
624 1084 743 1139 χρέος
786 1099 863 1141 pro
907 1084 1024 1139 χερὸς
1063 1082 1246 1125 restituit
1285 1081 1510 1124 Jacobsius
1548 1080 1661 1122 infra

186 1167 227 1194 v.
250 1152 348 1194 280.

248 1221 345 1275 263.
367 1219 412 1261 τὸ
434 1220 583 1275 διερὸν]
607 1219 686 1262 τόδ’
709 1220 816 1274 ἱερὸν
838 1219 983 1262 Guelf.
1005 1219 1109 1262 Ald.
1142 1220 1187 1261 τὸ
1208 1217 1254 1261 δι’
1278 1218 1386 1272 ἱερὸν
1408 1218 1520 1260 Rob.
1551 1218 1597 1260 τὸ
1626 1217 1658 1260 δ’

190 1289 297 1342 ἱερὸν
318 1290 376 1330 Τ.
401 1290 539 1331 Turn.

244 1356 371 1414 πέδῳ]
392 1357 514 1399 πέδον
537 1358 631 1399 Par.

244 1427 418 1480 χύμενον
437 1428 664 1469 Porsonus.
725 1426 968 1483 Legebatur
989 1425 1222 1481 κεχυμένον.

247 1493 342 1533 266.
381 1495 541 1545 βοσκὰν
574 1492 785 1548 φεροίμαν]
823 1492 1099 1534 Scribendum
1136 1493 1331 1546 φεροίμαν
1367 1494 1526 1544 βοσκὰν
1560 1507 1656 1534 cum

190 1559 444 1604 Wellauero.
526 1561 681 1602 Versus
723 1576 775 1602 ex
816 1560 1011 1603 dochmio
1050 1560 1302 1618 duobusque
1343 1560 1504 1603 creticis
1543 1577 1658 1603 com-

187 1628 360 1685 positus.

245 1697 448 1753 πῶματος]
467 1699 640 1751 πόματος
660 1698 806 1755 Steph.

248 1767 343 1820 267.
365 1765 484 1821 κάτω]
507 1767 569 1808 καὶ
589 1766 692 1808 κάτω
713 1767 823 1808 Rob.
886 1767 989 1808 Post
1010 1766 1112 1808 κάτω
1132 1774 1314 1823 ponatur
1333 1781 1510 1808 comma.

248 1835 346 1876 268.
368 1834 629 1890 ἀντιποίνους]
652 1834 926 1876 Scn'bendum
948 1834 1138 1876 ἀντίποιν’
1162 1836 1212 1878 ὡς
1231 1849 1326 1876 oum
1351 1835 1590 1877 Schuetzio.

246 1908 355 1959 τίνῃς
375 1907 520 1964 Stepb.
550 1899 680 1964 τείνῇς
700 1908 768 1949 Μ.
806 1909 934 1963 τείνῃς
960 1906 1071 1949 Rob.
1104 1909 1245 1950 τείνεις
1266 1908 1364 1949 Par.
1387 1908 1532 1950 Guelf.
1554 1908 1657 1950 Ald.

190 1975 309 2020 τίνεις
329 1977 466 2018 Turn.

247 2044 514 2100 μητροφόνας]
537 2043 810 2086 Scribendum
830 2045 1083 2097 ματροφόνου
1103 2059 1198 2085 cum
1221 2044 1484 2087 Casaubono.

250 2115 349 2169 269.
371 2115 414 2155 δὲ
435 2116 496 2155 κεῖ
512 2130 570 2157 τις
590 2111 849 2155 Schuetzius.
880 2111 911 2153 δ’
935 2113 1019 2154 ἐκεῖ
1035 2129 1094 2155 τις
1113 2111 1222 2153 libri.

248 2181 393 2236 ἄλλον]
415 2180 688 2223 Scribendum
710 2180 835 2223 ἄλλος
854 2195 948 2222 cum
972 2179 1172 2221 Heathio.

247 2247 420 2303 βροτῶν]
440 2247 590 2301 βροτὸν
611 2248 748 2288 Turn.

252 2326 347 2369 270.
379 2326 476 2368 271.
513 2314 537 2367 ἢ
568 2314 882 2371 θεὸν-φίλους]
917 2315 1025 2357 Haec
1053 2315 1095 2356 in
1129 2330 1258 2356 unum
1291 2330 1455 2357 versum
1486 2315 1660 2372 conjun-

191 2381 341 2438 genda.
400 2383 502 2424 Post
527 2384 688 2435 ἀσεβῶν
708 2382 814 2423 duas
842 2381 1040 2423 excidisse
1069 2382 1259 2439 syllabas,
1281 2399 1377 2440 quae
1397 2383 1525 2424 iambi
1546 2399 1659 2425 men-

194 2464 331 2490 suram
353 2449 586 2501 habuerint,
606 2449 896 2492 animadvertit
917 2450 1197 2493 Wellauerus.

253 2528 350 2571 271.
370 2516 459 2572 τιν’]
479 2518 520 2558 τί
534 2517 566 2558 τ’
588 2517 689 2559 Ald.
712 2519 852 2559 Turn.

254 2596 350 2637 274.
387 2595 482 2640 275.
522 2585 858 2640 ἔνερθε-φρενί]
897 2587 1004 2628 Haec
1035 2586 1079 2626 in
1114 2601 1245 2627 unum
1283 2601 1447 2627 versum
1482 2587 1656 2643 conjun-

194 2652 345 2709 genda.

255 2731 350 2775 275.
382 2720 837 2776 δελτογράφῳ-φρενί]
869 2721 1032 2777 Saepius
1058 2721 1192 2762 utitur
1213 2721 1444 2778 AEschylus
1462 2721 1540 2763 hac
1558 2722 1660 2764 ima-

136 2830 143 2841 .
194 2789 290 2844 gine
325 2787 534 2829 memoriae
573 2787 881 2830 similitudinem
922 2803 1017 2830 cum
1059 2788 1335 2845 pugillaribus
1370 2790 1659 2833 adumbrante.

197 2855 293 2898 Vid.
314 2855 529 2898 Prometh.
550 2872 589 2897 V.
611 2867 710 2912 795.
770 2857 830 2898 Et
859 2866 1046 2898 nostrum
1077 2856 1189 2899 hunc
1219 2857 1356 2900 locum
1389 2858 1586 2917 Euripidi
1616 2859 1658 2905 in
