1962 3224
374 188 460 231 570
849 185 1343 227 ANNOTATIONES

378 296 603 352 AEschylus
622 295 844 352 respexerit
864 294 916 336 ad
937 296 1086 336 noxias
1104 301 1142 335 et
1161 295 1328 335 inutiles
1347 294 1504 343 herbas,
1521 307 1617 348 quae
1635 304 1685 332 ex·
1699 290 1814 330 horto

377 370 623 420 egeruntur,
642 369 680 403 et
698 363 998 417 eoestirpantur.
1049 361 1143 401 Hoc
1168 360 1273 401 enim
1304 360 1509 417 interdurn
1531 358 1680 399 dicitur
1700 359 1815 410 ἐκφο-

376 435 471 483 ρεῖν.
522 431 580 470 W
584 429 807 470 akefieldus
838 427 1083 481 ἐκφορωτέρα
1110 427 1245 468 reddit
1273 427 1587 483 ivfftjvcetuosz'or,
1608 441 1648 480 q.
1668 425 1710 464 d.
1739 422 1817 463 illis

377 497 502 536 facias
521 496 657 552 potius
677 509 851 536 vacuam
871 494 1039 534 domum
1060 509 1183 549 quam
1198 494 1379 549 plenam.
1439 492 1662 533 Enimvero
1682 490 1714 531 si
1740 489 1816 529 hoe

378 563 568 604 voluisset
585 562 823 618 AEschylus,
845 565 925 604 τοῖς
945 565 1186 611 δυσσεβοῢσι
1206 559 1464 601 scribendum
1488 569 1584 599 erat.
1619 558 1751 598 SCH.

438 644 486 683 91
500 643 532 669 1.
556 642 651 683 912.
675 629 799 670 choro
819 627 964 668 tribuit
984 627 1091 667 Rob.

437 709 534 750 911.
567 695 858 748 φιτυποιμένος]
881 693 1051 734 Rectius
1072 695 1357 746 φιτυποίμενος.
1407 694 1458 733 V.
1480 690 1662 732 Lobeck.
1693 691 1817 731 Para·

382 764 453 819 lip.
476 778 515 818 p.
538 772 629 816 195.

437 838 680 884 913--915.
702 828 827 869 choro
848 826 991 873 tribuit
1012 825 1112 866 Ald.

438 908 535 950 913.
564 898 722 935 τοιαῦτα
751 895 889 935 σοῦστι
917 890 1138 933 Porsonus.
1179 896 1336 933 τοιαῦτα
1357 896 1429 932 σοῦ
1448 890 1526 931 ’στι
1546 890 1652 931 Rob.
1677 889 1818 945 Steph.

383 966 561 1004 τοιαῦτας
592 962 696 1002 οὗτοι
732 960 829 1001 Ald.
873 959 1031 1000 τοιαῦτά
1062 959 1097 999 σ’
1120 960 1224 1000 οὗτοι
1256 958 1396 1000 Guelf.
1429 959 1563 999 Turn.
1607 960 1763 998 τοιαῦτα
1784 954 1819 995 σ’

389 1061 398 1069 .
422 1062 431 1070 .
457 1060 467 1070 .
492 1030 614 1071 ,Pan

442 1105 537 1151 915.
559 1093 679 1148 τήνδ’]
700 1094 770 1144 τὴν
791 1093 934 1135 Guelf.
956 1093 1057 1134 Ald.
1074 1094 1207 1134 Turn.

446 1161 967 1216 916—926=938—948.

406 1271 408 1274 ,
445 1229 539 1284 918.
562 1241 658 1282 919.
689 1227 923 1283 pariterque
953 1239 1049 1281 920.
1071 1239 1166 1280 921.
1193 1223 1479 1280 conjungendi,
1501 1234 1541 1265 et
1566 1223 1607 1264 in
1637 1223 1823 1264 antistro—

389 1297 473 1353 pho
494 1309 588 1351 940.
611 1308 706 1349 941.
727 1303 767 1335 et
788 1307 885 1346 942.
908 1306 1003 1348 943.

445 1376 539 1417 920.
561 1362 806 1416 ῥυσίβωμον]
826 1362 1042 1414 ῥυσίβολον
1065 1359 1206 1400 Guelf.
1229 1358 1330 1400 Ald.
1352 1360 1486 1399 Turn.

447 1442 541 1484 924.
565 1430 814 1483 ἐπισσύτους]
840 1429 1062 1469 ἐπισεύτους
1082 1426 1185 1466 Ald.
1207 1425 1317 1466 unde
1338 1426 1579 1467 ἐπιτεύκτους
1600 1424 1733 1464 Turn.

448 1508 543 1551 925.
566 1496 827 1551 ἐξαμβρόσαι]
851 1497 891 1546 ἐξ
913 1495 1109 1547 ἆμβρόσαι
1131 1493 1241 1534 Rob.
1273 1492 1417 1534 Lectio
1437 1491 1579 1532 vitiosa
1598 1489 1827 1531 infelicibus

391 1569 549 1605 tentata
577 1563 808 1604 criticorum
839 1561 1095 1616 conjecturis,
1125 1563 1379 1613 ἐξαμβρῦσαι,
1416 1561 1682 1610 ἐξαμβλῶσαι,
1699 1558 1828 1612 ,ἐξαμ-

393 1635 529 1684 φῦσαι.

450 1709 545 1751 929.
568 1695 908 1749 κατανασσαμένη]
931 1694 1227 1746 κατανασαμένη
1248 1694 1352 1734 Ald.

450 1776 544 1819 932.
565 1763 741 1820 βαρέων]
765 1762 911 1804 Lectio
930 1761 1087 1802 vitiosa.
1140 1766 1167 1785 “
1186 1760 1317 1801 Nobis
1346 1759 1598 1816 aptissimum
1618 1758 1749 1799 visum
1770 1766 1831 1798 est

394 1832 415 1871 ὁ
446 1832 488 1871 δὲ
516 1830 568 1882 μὴ
599 1830 741 1882 κύρσας
772 1827 906 1883 πρᾴων
936 1829 1082 1870 τούτων
1113 1843 1321 1884 reponere.
1375 1829 1614 1882 Quicunque
1640 1839 1733 1866 vero
1756 1825 1831 1865 has

394 1898 649 1939 Eumenides
663 1897 903 1951 nonfuerit
921 1901 1115 1951 expertus
1135 1896 1251 1936 mites
1271 1901 1309 1936 et
1328 1900 1579 1944 mansuetas,
1598 1893 1670 1934 sed
1693 1894 1832 1948 potius

394 1965 542 2014 iratas,
574 1973 649 2005 etc.
702 1963 881 2005 Omnino
912 1963 966 2004 ad
1000 1961 1285 2004 illustrandum
1318 1962 1356 2002 h.
1390 1961 1416 2003 l.
1449 1959 1709 2016 comparandi
1739 1967 1834 2000 sunt

396 2047 537 2073 versus
556 2031 819 2086 550—556.''
849 2032 981 2072 SCH.

454 2112 552 2154 934.
573 2098 832 2150 ἆπλακήματα
851 2097 1069 2140 Pauwius..
1088 2097 1372 2149 ἇμπλακήματα
1391 2095 1496 2137 libri.

455 2180 507 2222 93
511 2180 550 2220 5.
573 2167 711 2221 σιγῶν]
735 2165 1004 2207 Scribendum
1027 2169 1149 2217 σιγῶν
1169 2164 1200 2205 δ’
1222 2179 1315 2206 curn
1338 2166 1580 2205 Hermanno
1598 2161 1836 2203 delendum-

399 2249 481 2289 que
500 2248 658 2275 comma
676 2242 769 2289 post
788 2234 952 2284 ὄλεθρος
970 2231 1163 2287 positum.

459 2301 554 2355 936.
575 2299 677 2353 μέγα
697 2297 911 2352 φωνοῦντ’]
932 2299 1189 2351 μεγαφῶνους
1208 2297 1238 2338 τ’
1261 2297 1361 2338 Ald.
1400 2297 1668 2349 μεγαφώνους,
1689 2294 1837 2336 omisso

404 2370 451 2419 τ’,
473 2369 610 2408 Turn.

459 2435 556 2488 938.
587 2431 876 2486 δενδροπήμων]
902 2432 1066 2473 Nocens
1094 2430 1322 2480 arboribus,
1343 2444 1409 2471 eas
1439 2430 1638 2482 ἇφύλλους
1665 2427 1838 2469 reddens
1890 2456 1895 2459 «

403 2510 443 2542 et
463 2499 668 2552 ἀκάρπους.
698 2498 945 2539 WAKEF.

462 2580 562 2621 939.
594 2566 695 2606 Post
727 2564 833 2618 λέγω
865 2578 1023 2605 comma
1057 2571 1245 2619 ponatur.
1296 2568 1324 2588 “
1344 2565 1429 2604 Τὰν
1460 2565 1556 2615 ἐμᾶν
1589 2562 1705 2617 χάριν
1734 2563 1840 2616 λέγω

404 2633 505 2675 nihil
540 2632 651 2673 aliud
685 2639 745 2672 est
782 2645 907 2688 quam
932 2645 1067 2687 pergo
1100 2631 1207 2670 enim
1247 2630 1439 2685 beneficia
1478 2643 1567 2670 mea
1599 2630 1840 2670 enarrare.’'

408 2701 536 2742 SCH.

463 2779 557 2819 940.
589 2766 768 2818 φλογμός
786 2765 819 2805 τ’
841 2765 975 2805 Turn.
999 2763 1140 2819 steph.
1186 2762 1382 2816 φλοιγμὸς
1400 2761 1491 2804 libri
1516 2761 1658 2817 reliqui
1688 2761 1771 2802 sine
1795 2762 1840 2802 τ’.

410 2831 677 2874 Scribendum
699 2835 892 2884 φλογμοῖς
911 2832 999 2883 ὀμμ.
1020 2845 1114 2871 cum
1137 2831 1388 2872 Hermanno.
