1962 3224
642 135 732 177 AD
765 133 1122 177 SUPPLICES.
1533 129 1618 172 637

214 259 334 302 1043.
354 245 524 301 ψεδυρᾶ]
541 245 661 302 Lego
680 246 863 300 ψεδυραί.
896 243 1157 294 scholiastes,
1172 243 1233 284 ὅτι
1246 244 1385 284 πολλὰ
1398 242 1618 296 ψεύδονται

150 316 188 356 οἱ
215 316 390 368 ἐρῶντες.
422 313 683 370 Hesychius:
716 314 900 367 Ψεδυρός·
930 315 1110 367 ψίθυρος.
1172 312 1298 353 Certe
1317 320 1358 353 et
1378 310 1550 352 Veneris
1575 320 1617 352 et

152 382 373 440 Cupidinis
388 383 556 435 Ψιθύρου
573 380 759 423 meminit
773 380 1083 438 Harpocration
1103 378 1146 421 in
1161 377 1407 432 Ψιθυριστής.
1430 378 1614 431 Ἔτιμᾶτο

151 453 206 502 δὲ,
229 450 379 506 inquit,
400 449 591 502 Ἀθήνησι
612 450 676 491 καὶ
694 451 861 502 Ψίθυρος
880 449 1094 503 Ἀφροδίτη
1114 448 1177 490 καὶ
1191 446 1322 501 Ἔρως
1340 448 1522 501 Ψίθυρος.
1554 448 1616 488 Et

148 518 397 560 Eustathius
418 533 457 575 p.
479 518 603 560 1881.
625 519 652 560 l.
674 531 708 559 1.
742 517 801 559 διὸ
832 519 896 559 καὶ
923 517 1094 570 Ψιθύρου
1112 515 1360 570 Ἀφροδίτης,
1385 518 1482 557 κατὰ
1503 519 1613 557 Παυ-

147 587 304 635 σανίαν,
337 587 443 640 ἱερὸν
472 586 521 638 ἥν
550 584 779 639 Ἀθήνησιν,
803 586 866 627 καὶ
891 584 1068 639 Ἔρωτος
1098 586 1156 635 δὲ,
1177 584 1223 626 οὗ
1254 584 1317 626 καὶ
1338 583 1614 637 Δημοσθένης,

1296 641 1309 666 e

147 677 260 730 φησὶ,
281 675 474 729 μέμνηται
495 678 539 718 ἐν
558 679 612 732 τῷ
634 679 732 718 κατὰ
751 677 937 730 Νεαίρας.
971 675 1195 717 STANL.
1230 678 1362 729 ψεδρα
1382 675 1447 715 Μ.
1479 677 1614 729 ψῦδρα

147 745 260 785 Rob.
302 746 452 799 ψίδυρα
485 743 589 786 Ald.
629 746 781 798 ψίθυρα
816 745 954 787 Turn.
1016 743 1291 786 Scribendum
1323 745 1487 798 ψίθυροι
1515 758 1612 786 cum

148 812 314 854 Bothio.

208 895 332 936 1044.
364 883 543 936 φυγάδας
573 883 714 924 Turn.
745 882 892 939 Steph.
923 881 1099 936 φυγάδες
1121 882 1187 924 Μ.
1209 882 1306 923 Par.
1331 880 1475 923 Guelf.
1499 880 1612 923 Rob.

147 952 277 1004 φυγὰς
298 950 408 992 Rob.
470 950 742 992 Scribendum
764 950 1014 1005 φυγάδεσσιν
1033 965 1127 991 cum
1151 949 1369 1007 Burgesio.

204 1019 409 1062 ἐπιπνοίας
439 1019 578 1060 Turn.
613 1018 755 1076 Steph.
789 1019 987 1061 ἐπιπνοίαι
1012 1019 1078 1060 Μ,
1104 1019 1202 1059 Par.
1225 1017 1369 1060 Guelf.
1390 1017 1494 1060 Ald.
1527 1018 1610 1059 ἑπι-

145 1086 266 1126 πνοία
287 1086 399 1127 Rob.

207 1164 329 1209 1045.
351 1154 565 1210 πολέμους]
587 1154 764 1207 πολέμου
784 1154 895 1196 Rob.
927 1155 1104 1206 πόλεμον
1126 1152 1271 1196 Guelf-

202 1220 257 1274 θ’]
282 1221 313 1263 τ’
337 1222 439 1264 Ald.
463 1224 600 1263 Turn.

207 1291 330 1341 1048.
360 1291 564 1344 παρβατός
588 1290 811 1333 Askevius.
853 1290 1088 1344 παραβάτας
1118 1291 1186 1332 Μ.
1217 1291 1312 1332 Par.
1335 1289 1480 1332 Guelf.
1503 1289 1607 1331 Ald.

146 1358 259 1400 Rob.
288 1360 502 1412 παραβατᾶ
523 1359 659 1400 Turn.
690 1357 904 1412 παραβάτα
926 1357 1072 1414 Steph.

205 1437 326 1482 1050.
369 1426 609 1479 Scholiasta,
644 1429 744 1479 μετὰ
777 1428 914 1468 ἄλλων
947 1430 1113 1468 πολλῶν
1147 1425 1284 1480 γάμων
1314 1430 1510 1480 γυναικῶν
1546 1427 1610 1468 καὶ

143 1495 254 1538 οὗτος
273 1494 571 1546 τελεσθήσεται.

203 1575 326 1617 1051.
347 1562 557 1618 προτέραν]
579 1565 772 1616 προτερᾶν
793 1562 985 1603 Bothius.

201 1643 324 1686 1053.
346 1630 556 1687 ἀπαλέξαι]
578 1630 766 1682 ἆταλέξαι
787 1629 929 1671 Guelf.
952 1629 1057 1671 Ald.
1089 1629 1317 1681 ἀπαλλάξαι
1341 1631 1477 1672 Turn.

203 1700 326 1753 1056.
366 1698 526 1752 θέλγοις
563 1699 612 1741 ἂν
645 1699 839 1740 ἄθελκτον
873 1697 993 1739 lectio
1026 1698 1080 1739 ab
1118 1697 1330 1754 Stephano
1365 1710 1604 1742 memorata.

142 1765 300 1819 θέλγεις
319 1765 368 1807 ἂν
389 1767 582 1808 ἄθελκτον
601 1768 668 1808 Μ.
692 1766 802 1807 Rob.
835 1765 966 1809 θέλεις
990 1765 1237 1818 ἆναθέλητον
1258 1766 1360 1808 Ald.
1393 1767 1527 1812 θέλοις
1557 1769 1607 1810 ἂν

141 1832 337 1884 ἆθέλητον
359 1833 494 1874 Turn.
518 1834 663 1890 Steph.

202 1902 326 1944 1062.
346 1903 469 1953 μηδὲν
490 1901 662 1957 ἀγάζειν]
686 1900 930 1951 Scholiasta,
952 1901 1046 1941 λίαν
1067 1899 1276 1951 ἐξετάζειν.
1310 1901 1459 1943 Malim
1481 1903 1607 1946 inter-

140 1968 307 2024 pretari,
329 1970 400 2010 Ne
429 1984 549 2027 oegre
566 1971 698 2026 firas
727 1984 819 2026 quae
847 1983 875 2009 α
904 1969 988 2010 diis
1017 1969 1180 2010 dec-reta
1209 1975 1322 2020 sunt,
1345 1970 1459 2026 quod
1478 1972 1606 2014 Euri-

140 2034 258 2091 pides
292 2036 334 2077 in
371 2036 574 2079 Phoeniss.
609 2053 647 2078 v.
682 2037 781 2092 385.
819 2041 898 2078 Δεῖ
928 2036 1067 2090 φέρειν
1101 2039 1150 2078 τὰ
1185 2042 1262 2079 τῶν
1297 2042 1408 2081 θεῶν.
1470 2041 1607 2084 Modo

138 2101 302 2144 dixerat
328 2104 436 2146 idem
464 2105 740 2147 semichorus:
777 2103 833 2146 “O
865 2122 901 2146 τι
931 2121 990 2145 τοι
1013 2106 1207 2158 μόρσιμόν
1238 2107 1360 2154 ἐστιν,
1386 2107 1431 2148 τὸ
1460 2108 1604 2161 γένοιτ’
1631 2158 1634 2162 A

141 2170 203 2212 ἄν.
246 2172 486 2229 Etymolog.
519 2174 584 2214 M.
621 2188 661 2230 p.
697 2185 738 2228 5,
774 2185 845 2227 30.
885 2170 1056 2226 Ἀγάζει,
1094 2173 1311 2226 ἀγανακτεῖ
1348 2176 1411 2216 καὶ
1450 2177 1607 2230 βαρέως

141 2237 266 2291 φέρει.
308 2240 370 2281 καὶ
402 2242 466 2282 ἐπὶ
498 2245 566 2282 τοῦ
596 2241 794 2293 σέβεσθαι
825 2241 887 2282 καὶ
920 2243 1086 2294 φθονεῖν
1115 2242 1208 2294 παρ’
1244 2240 1403 2299 εΟμήρῳ
1439 2245 1502 2286 καὶ
1535 2251 1605 2287 λυ-

140 2309 312 2348 πεῖσθαι.
344 2309 567 2350 STANL.

204 2376 327 2430 1063.
352 2378 473 2429 1064.
494 2387 536 2419 et
561 2371 682 2432 1069.
706 2389 827 2431 1070.
847 2376 1141 2434 conjungendi.

203 2443 325 2496 1063.
347 2443 460 2499 Ζεὺς]
482 2447 561 2486 Ζεῦ
581 2445 645 2486 Μ.

203 2509 325 2561 1064.
347 2508 491 2565 γάμον]
513 2509 640 2564 γάμου
661 2512 726 2552 Μ.
750 2510 895 2553 Guelf.
917 2511 1020 2552 Ald.

205 2577 285 2616 106
286 2587 328 2630 5.
350 2577 490 2632 ὅσπερ]
513 2579 645 2630 ὥσπερ
667 2578 885 2619 Stanleius.

205 2645 326 2685 1066.
350 2645 471 2698 1067.
492 2654 534 2685 et
554 2655 674 2698 1072.
692 2656 812 2700 1073.
834 2646 1126 2702 conjungendi.

205 2712 326 2764 1067.
348 2712 620 2767 κατασχεθὼν]
643 2712 899 2767 κατασχέθων
918 2712 1026 2755 libri.

204 2779 326 2832 1069.
348 2778 474 2834 νέμοι]
497 2779 611 2831 νέμος
631 2779 733 2820 Ald.
766 2779 894 2831 νέμων
916 2781 1056 2821 Turn.

206 2856 326 2898 1070.
357 2846 400 2887 τὸ
432 2846 629 2900 βέλτερον
655 2847 793 2901 κακοῦ]
818 2846 964 2889 Cicero
986 2847 1103 2890 Offlc.
1124 2862 1167 2904 3,
1189 2862 1223 2890 1.
1245 2851 1333 2892 Sed
1350 2854 1451 2908 quia
1470 2856 1531 2895 sic
1550 2857 1603 2898 ab

145 2913 379 2956 hominibus
399 2914 527 2956 doctis
548 2916 792 2970 αεεερίηιιιε,
813 2929 896 2956 mm
911 2915 1042 2956 solum,
1058 2931 1109 2957 ex
1126 2918 1247 2959 malis
1262 2919 1412 2976 eligere
1427 2923 1603 2966 minima
