1962 3224
378 185 464 226 504
852 186 938 229 AN
942 188 1183 230 NOTATI
1188 188 1344 231 ONES

375 293 477 341 erit;
511 307 591 334 non
610 303 763 346 autem,
784 297 899 352 quod
918 297 1049 340 voluit
1069 298 1300 348 Schutzius‚
1321 298 1526 355 genitivus
1545 307 1635 355 post
1653 302 1811 351 μιαστό-

377 375 475 411 ροιν.
508 360 739 402 BLOMF.

431 427 580 482 τριβᾶς]
614 428 832 484 AEgisthus
861 438 902 470 et
923 429 1237 486 Clytaemnestra
1265 438 1474 487 paternam
1497 432 1653 473 Orestis
1681 431 1808 472 haere-

374 491 544 533 ditatem
566 495 842 536 consumendo
861 496 1111 538 adterebant.
1143 498 1368 538 BLOMF.

433 573 529 613 944.
553 561 675 616 δυοῖν]
697 565 819 603 δοιοῖν
838 563 902 602 M.

430 625 526 681 ὑπὸ]
548 628 640 667 ὑπαὶ
662 629 808 668 Herm.
833 628 1024 669 Schuetz.

429 694 670 748 μιαστόροιν]
690 696 933 746 μιαιστόροιν
954 695 1094 735 Guelf.
1116 695 1217 736 Ald.
1240 697 1348 737 Rob.
1371 698 1508 738 Turn.

431 769 526 813 945.
548 761 749 813 δυσοίμου]
773 761 1082 802 Lamentabilis.
1118 761 1251 801 Schol.
1273 764 1532 815 δυσπορεύτου
1551 764 1678 816 τύχης.
1724 764 1810 804 He-

373 824 485 879 sych.
513 826 732 876 Δύσοιμος;
767 826 829 866 ἐπὶ
860 830 975 866 κακοῦ
1005 827 1165 877 ἥκουσα,
1197 826 1219 877 ἢ
1250 829 1421 870 δύσοδος.
1472 830 1659 883 Uterque
1685 829 1811 884 igitur

373 890 576 931 derivavit
609 906 660 931 ex
700 891 821 943 οἶμος,
861 893 945 932 via.
1006 894 1100 948 Ego
1133 893 1271 948 potius
1302 894 1493 934 duxerim
1527 894 1580 935 ab
1614 897 1715 946 οἵμη,
1746 896 1808 936 vel

373 957 494 1007 οἶμος,
516 963 676 1007 cantus,
702 967 744 998 ut
776 957 827 997 sit
856 957 963 998 idem
993 974 1040 999 ac
1069 959 1268 1011 δύσθροος,
1289 959 1541 1011 δυσβάϋκτος,
1563 960 1809 1004 δυσκέλαδος.

375 1023 603 1063 BLOMF.

431 1091 526 1143 946.
558 1087 582 1143 ᾇ
614 1091 813 1131 Auratus.
858 1089 888 1146 ᾧ
920 1091 1024 1132 libri.
1072 1091 1313 1133 Scholiastes
1348 1093 1637 1148 interpretatur
1663 1097 1715 1150 τῷ
1745 1097 1812 1136 Az-

373 1157 498 1210 γίσθῳ
519 1156 650 1207 ἔμολε,
673 1159 723 1211 τῷ
740 1157 1008 1198 ἀποκτείναντι
1035 1159 1136 1213 δόλῳ
1153 1159 1221 1200 τὸν
1245 1158 1531 1212 Ἀγαμέμνονα.
1584 1160 1665 1202 Sed
1686 1161 1812 1202 mani-

373 1223 523 1264 festum
544 1232 604 1263 est
626 1224 795 1263 Poenam
817 1239 914 1274 esse,
938 1223 962 1277 ᾇ
981 1224 1093 1275 μέλει
1115 1227 1342 1277 κρυπταδίου
1361 1227 1501 1281 μάχας.
1533 1228 1763 1269 BLOMF.

432 1301 529 1343 947.
553 1291 653 1330 Post
675 1292 805 1330 Ποινᾶ
824 1305 982 1331 comma
1001 1301 1193 1346 ponatur.

431 1355 574 1410 Ποινά]
597 1356 740 1396 Poena.
772 1356 953 1412 Hesych.
977 1361 1161 1400 Ποιναῖς;
1195 1360 1369 1411 ἐφικταΐς
1393 1358 1582 1412 Ἐρινύσι,
1604 1361 1797 1413 τιμωρίαις

376 1422 448 1463 ubi
479 1422 817 1463 Hemsterhusius
836 1423 1001 1479 corrigit
1028 1428 1192 1468 Ποιναῖς
1220 1430 1418 1478 φρικταῖςε
1450 1425 1625 1478 Ἐρινύσι
1653 1443 1812 1479 τιμωρη-

374 1492 508 1531 τικαῖς.
538 1488 649 1544 quod
671 1489 745 1530 etsi
766 1504 845 1530 non
867 1489 1032 1530 omnino
1052 1491 1237 1545 probem,
1258 1490 1359 1531 nihil
1384 1501 1518 1532 tamen
1547 1491 1678 1532 habeo
1696 1492 1810 1547 quod

375 1555 604 1610 praeferam.
654 1555 794 1596 Furiae
813 1556 1009 1597 dicuntur
1031 1557 1171 1597 Ποιναὶ
1190 1555 1232 1596 in
1252 1557 1378 1597 Eum.
1401 1568 1497 1611 323.
1517 1560 1669 1598 Ποινᾶν
1689 1557 1808 1599 κλῦθ’.

375 1622 454 1672 vel,
486 1621 518 1662 si
555 1622 841 1677 Musgravium
876 1622 1098 1678 sequimur,
1133 1623 1293 1663 ἀλαοῖσι
1326 1623 1389 1663 καὶ
1421 1625 1621 1675 δεδορκόσι
1653 1624 1806 1666 ποινάν.

376 1689 507 1729 Varro
525 1703 590 1744 ap.
608 1689 716 1729 Non.
736 1701 780 1740 4,
800 1689 896 1740 418.
926 1690 1073 1730 Tertia
1092 1690 1320 1729 Poenarum
1341 1690 1528 1744 Iufizmz‘a
1556 1696 1672 1731 stans
1700 1705 1810 1732 nexa

375 1755 422 1794 in
451 1754 573 1810 vulgi
596 1760 769 1810 pectore,
779 1757 997 1810 fluctuant
1025 1756 1190 1796 intonsa
1217 1769 1344 1803 coma,
1363 1756 1526 1796 sordido
1556 1758 1722 1806 vestitu,
1742 1771 1809 1798 ore

374 1834 524 1862 severo.
557 1821 647 1862 val.
665 1820 800 1862 Flacc.
823 1831 861 1875 7,
882 1832 972 1875 147.
999 1821 1212 1862 Turbidus
1231 1827 1279 1862 ut
1299 1822 1454 1869 Poenis,
1475 1823 1667 1878 caecisque
1681 1837 1809 1878 pavo-

374 1888 492 1928 ribus
519 1901 655 1928 ensem
686 1888 884 1943 Corripit,
914 1894 952 1928 et
978 1901 1099 1928 saevae
1114 1889 1229 1942 jerit
1252 1889 1428 1944 agmina
1457 1889 1600 1929 matris
1631 1890 1807 1930 Orestes.

377 1954 482 1994 Haec
501 1953 687 2009 exempla
706 1954 820 1995 dedit
841 1954 1058 1995 Facciolati
1081 1955 1180 1995 Lex.
1204 1969 1242 1995 v.
1265 1956 1407 1996 Poena.
1440 1955 1666 1995 BLOMF.

433 2020 531 2073 948.
562 2019 608 2071 δὴ
629 2021 851 2062 Porsonus.
881 2022 924 2061 δὲ
949 2020 1053 2062 libri.
1106 2020 1373 2061 Seribendum
1395 2020 1426 2061 δ’
1449 2022 1491 2061 ἐν
1510 2035 1604 2061 cum
1625 2020 1806 2061 Pauwio.

376 2086 436 2126 Et
465 2085 533 2136 sic,
566 2096 612 2127 ut
640 2086 818 2137 videtur,
841 2086 1109 2138 scholiasta,⁷‘7
1134 2089 1175 2128 δὲ
1208 2087 1302 2130 Διὸς
1331 2086 1498 2139 θυγάτηρ
1527 2087 1669 2138 ἡΔίκη
1689 2086 1807 2139 πάρε-

375 2168 463 2193 στιν
484 2153 528 2193 ἐν
548 2155 593 2208 τῇ
613 2152 711 2205 πρὸς
731 2154 922 2206 Αἴγισθον
941 2152 1047 2206 μάχῃ
1070 2154 1131 2194 καὶ
1153 2153 1336 2206 ἐφήψατο
1356 2156 1423 2194 τοῦ
1442 2155 1589 2205 ξίφους.

430 2218 557 2275 μάχᾳ]
578 2219 686 2270 μάλα
704 2218 804 2259 Ald.
829 2220 964 2260 Turn.

432 2285 628 2338 ἐτήτυμος]
657 2285 925 2326 Scribendum
948 2286 1137 2336 ἐτητύμως
1156 2299 1248 2326 cum
1273 2284 1487 2340 Scaligero.
1558 2301 1562 2306 ’

432 2364 527 2406 949.
550 2351 661 2404 κόρα]
686 2352 799 2403 κόρας
819 2351 928 2391 Rob.
959 2352 1076 2403 κούρα
1096 2352 1230 2391 Turn.
1253 2350 1395 2406 Steph.

433 2417 690 2459 Δίκα-Διὸς
719 2417 828 2471 κόρα]
860 2416 1031 2458 Hesiod.
1060 2417 1220 2472 Theog.
1240 2430 1344 2471 902.
1374 2416 1425 2457 de
1448 2418 1579 2464 Jove3
1613 2418 1808 2470 Δεύτερον

374 2483 543 2537 ἠγάγετο
562 2484 731 2536 λιπαρὴν
751 2483 890 2535 Θέμιν,
911 2483 935 2534 ἢ
954 2484 1064 2524 τέκεν
1077 2482 1216 2536 Ἶὶρας,
1239 2484 1432 2535 Εὐνομίην
1451 2500 1506 2533 τε,
1530 2485 1653 2535 Δίκην
1672 2500 1726 2534 τε,
1747 2485 1808 2525 καὶ

376 2550 544 2603 Εἰρήνην
572 2553 794 2591 τεθαλυῖαν.
845 2549 997 2590 Confer
1016 2549 1138 2589 Arati
1168 2549 1310 2589 Phaen.
1333 2551 1399 2604 96.
1419 2549 1628 2591 Eratosth.
1651 2551 1806 2590 Catast.

375 2632 415 2673 p.
434 2630 477 2672 3.
498 2617 563 2658 ed.
585 2616 687 2657 Fell.
706 2626 747 2658 et
763 2616 887 2658 schol.
909 2615 1143 2657 Germanici
1164 2631 1207 2671 p.
1229 2616 1296 2668 46.
1318 2616 1382 2657 ed.
1407 2615 1554 2657 Buhle.
1583 2615 1805 2657 BLOMF.

433 2696 527 2738 951.
550 2685 652 2724 Post
670 2687 795 2727 καλῶς
813 2697 971 2724 comma
990 2694 1177 2738 ponatur.

433 2763 458 2804 9
460 2762 529 2804 52.
558 2749 716 2791 πνέουσ’
737 2750 796 2805 ἐν]
826 2749 1001 2791 πνέουσα
1023 2750 1067 2790 ἐν
1085 2749 1194 2790 Rob.
1215 2758 1256 2789 et
1274 2748 1315 2789 in
1335 2748 1582 2804 corrigendis
1609 2748 1807 2790 πνέουσαν

378 2818 433 2858 ἐν.
494 2815 761 2857 Scribendum
782 2815 980 2857 πνέουσαν
1000 2830 1094 2856 eum
1114 2817 1293 2866 Aurato,
1313 2815 1447 2856 deleto
1467 2816 1522 2856 ἐν.

433 2895 531 2937 953.
549 2881 793 2937 Παρνάσιος]
816 2880 1071 2935 Παρνάσσιος
1089 2881 1193 2923 libri.
