1962 3224
616 138 708 181 AD
739 138 1184 181 CHOEPHORAS.
1552 135 1639 181 497

167 248 281 291 Rob.
314 247 605 304 κᾴπιθοάζουσα
625 250 694 292 Μ.
712 249 856 292 Guelf.
875 249 1021 307 Steph.
1054 248 1267 305 Equidem
1286 246 1511 304 legendum
1532 254 1639 303 puto

169 316 454 367 κάπιθεάζουσ·’.
507 317 709 376 Thucyd.
742 319 782 369 8,
813 329 885 374 53.
918 314 1541 370 Εὐμολπιδῶν-μαρτυρομένων
1574 315 1638 356 καὶ

167 385 466 435 ἐπιθειαζόντων
485 385 538 437 μὴ
560 386 758 440 κατάγειν.
791 386 865 428 ubi
887 385 1014 428 schol.
1035 385 1160 439 ἤγουν
1180 384 1269 426 θεῖά
1293 400 1382 425 τινα
1413 381 1636 435 ἐπιβοωμέ-

167 468 256 494 νων.
305 464 343 505 7,
367 463 434 506 75.
464 454 534 495 οὐκ
563 455 658 496 ἄνευ
684 456 834 508 ὀλίγων
856 456 1121 506 ἐπιθειασμῶν
1144 454 1208 495 καὶ
1228 454 1398 506 οἰμωγῆς
1417 451 1636 493 ἀπολειπό-

164 536 291 571 μενοι.
351 519 448 562 Sine
470 538 482 562 1.
503 521 625 564 Plato
645 522 814 564 Phaedr.
834 535 907 576 40.
928 538 968 580 p.
993 535 1090 579 233.
1115 520 1274 563 Heind.
1296 522 1317 561 ὅ
1349 521 1392 562 δὲ
1422 519 1635 573 ἀναγκάζε-

166 604 229 629 ται
248 589 402 630 διώκειν
422 590 655 643 ἀγανακτῶν
676 591 739 632 καὶ
762 591 989 641 ἐπιθεάζων.
1022 589 1214 631 Eandem
1232 588 1527 630 correctionem
1548 587 1638 629 fieri

165 655 318 697 debere
348 656 534 714 suspicor
562 658 604 700 in
636 658 787 716 Eurip.
819 659 937 701 Med.
968 660 1091 712 1406.
1124 657 1231 699 Τάδε
1262 657 1325 699 καὶ
1356 660 1498 710 θρηνῶ,
1526 657 1637 698 κάπι-

165 723 307 774 θοάζω,
330 727 639 779 Μαρτνρόμενος
657 728 857 780 δαίμονας.
890 727 963 769 ubi
983 725 1294 769 rescribendum
1324 724 1556 774 Κάπιθεάζω
1587 741 1638 767 ex

167 790 434 848 Thucydidis
454 792 547 835 loco
567 804 695 851 patet.
744 795 928 852 Hesych.
959 793 1204 844 Ἐπιθεάζειε
1242 794 1356 836 θεοὺς
1377 794 1636 835 ἐπικαλεῖται.

164 858 430 904 Ἐπιθεάσ-αςε
465 861 760 915 κατευξάμενος.
825 863 1109 914 Pherecrates,
1143 864 1195 905 ab
1231 861 1427 904 Albertio
1462 860 1636 913 citatu53

160 926 358 982 ’Ὕστερον
373 931 511 983 ἀρᾶται
528 931 749 981 κάπιθεάζει
765 933 817 988 τῷ
833 934 962 986 πατρί.
982 932 1216 975 BLOMF.
1248 929 1410 972 Eadem
1426 928 1638 971 Schuetzii

165 997 404 1053 conjectura
423 998 518 1041 fuit.

226 1065 250 1106 8
252 1066 324 1120 58.
344 1070 425 1110 πῶς
443 1068 536 1109 ἴσον
556 1067 707 1109 εἰποῦσ’
730 1068 951 1123 ἀνύσωμαι]
978 1068 1060 1110 Ubi
1070 1068 1202 1123 ,βαθέα
1223 1071 1319 1107 vota
1345 1065 1638 1107 benevolentiae

166 1132 509 1190 causafi71iam?
539 1135 773 1177 Abreschio
805 1135 1024 1177 videbatur
1053 1137 1146 1176 ἴσον
1177 1148 1271 1175 cum
1303 1134 1509 1186 ἀνύσωμαι
1541 1147 1638 1175 con-

152 1200 425 1254 struendum,
443 1202 521 1244 hoc
542 1218 661 1245 sensu
678 1220 687 1245 ε
724 1205 837 1252 Quid
843 1219 941 1259 prce
955 1204 1239 1245 benevolentia
1259 1208 1299 1244 et
1297 1203 1482 1258 favoris
1497 1203 1638 1245 studio

165 1269 334 1326 loquens
354 1271 595 1327 impetrabo,
616 1272 725 1329 quod
744 1287 914 1329 aequum
933 1273 1002 1314 sit.
1036 1272 1169 1313 SCH.

228 1339 324 1379 860.
352 1342 581 1391 μιανθεῖσαι
614 1344 746 1393 πεῖραι
781 1340 962 1382 κοπάνων
994 1339 1148 1381 dicitur
1177 1354 1256 1396 pro
1287 1343 1420 1392 πεῖραι
1454 1339 1639 1381 κοπάνων

165 1405 423 1458 μιανθέντων,
441 1407 796 1463 quemadmodum
819 1409 1016 1453 ἐκπατίοις
1035 1410 1182 1462 ἄλγεσι
1200 1409 1352 1450 παίδων
1372 1417 1453 1449 etc.
1477 1410 1636 1464 Agam.

171 1475 266 1528 148.
300 1476 531 1517 BLOMF.

227 1544 322 1600 863.
343 1548 419 1598 πῦρ
440 1547 503 1587 καὶ
523 1549 621 1598 φῶς,
643 1560 792 1602 nempe
814 1546 1045 1598 ἐπιβώμιον.
1084 1546 1242 1601 Agam.
1263 1555 1362 1600 579.
1385 1543 1537 1601 Eurip.
1561 1545 1636 1586 Or.

170 1623 294 1668 1135.
315 1612 569 1668 Ὀλολυγμὸς
589 1615 718 1665 ἔσται,
737 1618 813 1667 πῦρ
832 1613 864 1655 τ’
887 1613 1117 1667 ἀνάψουσιν
1138 1616 1256 1657 θεοῖς.
1290 1613 1523 1654 BLOMF.

226 1680 322 1733 864.
345 1681 480 1737 δαίων]
501 1682 621 1724 δαΐων
642 1681 744 1724 Ald.
769 1683 907 1723 Turn.
932 1681 1078 1738 Steph.

224 1748 365 1803 ἀρχαῖς
394 1766 438 1792 τε
468 1751 780 1802 πολισσονόμοις
811 1751 1036 1791 Porsonus.
1082 1749 1210 1804 ἀρχάς
1239 1766 1284 1791 τε
1314 1751 1638 1801 πολισσονόμους

166 1813 274 1856 libri.

227 1883 324 1939 865.
345 1884 540 1940 πατέρων]
561 1885 720 1939 πάτρων
740 1885 842 1927 Ald.
859 1900 910 1926 ex
932 1900 1018 1941 quo
1042 1886 1181 1926 Turn.
1214 1887 1399 1940 πατρῷον
1419 1884 1531 1926 fecit.

228 1943 308 2002 ἕξει
335 1951 516 2005 πατέρων
534 1952 663 2006 μέγαν
686 1953 834 2007 ὄλβον]
871 1952 939 1993 Sic
960 1953 1127 1994 Orestes
1157 1967 1225 2009 ap.
1249 1952 1446 2008 Sophocl.
1470 1954 1539 1995 El.
1564 1964 1634 2008 72.

170 2034 212 2059 se
232 2018 320 2060 fieri
340 2020 430 2061 vult
452 2019 726 2074 ἀρχέπλουτον
746 2020 809 2061 καὶ
830 2019 1078 2071 καταστάτην
1098 2022 1241 2072 δόμων.
1277 2021 1408 2062 SCH.

229 2087 326 2129 866.
347 2087 496 2143 πάλην]
518 2087 641 2130 πάλιν
661 2087 792 2129 codex
814 2087 1047 2129 Robortelli
1067 2098 1108 2129 et
1129 2088 1235 2129 Ald.

225 2153 346 2206 μόνος
364 2170 446 2196 om.
469 2155 613 2197 Guelf.
634 2155 737 2197 Ald.
761 2157 897 2197 Turn.

227 2221 301 2277 ὢν]
326 2222 382 2265 ὢν
402 2223 450 2277 ἂρ
472 2224 613 2265 Turn.

227 2290 407 2347 ἔφεδρος]
437 2291 676 2334 Subsessor.
718 2293 972 2334 Tertiarz'us.
1008 2294 1134 2346 τρίτος
1169 2293 1408 2346 ἐφεδρεύων,
1443 2291 1631 2348 Hesych.

172 2357 240 2399 Sic
269 2358 484 2401 dicebatur
512 2359 668 2402 athleta
696 2360 770 2417 qui
790 2359 1004 2401 certamini
1033 2359 1263 2411 adsidebat,
1283 2369 1324 2401 et
1345 2374 1440 2401 cum
1462 2359 1633 2412 victore,

170 2425 203 2466 si
223 2426 281 2468 ita
298 2426 432 2468 visum
453 2436 526 2479 est,
546 2427 796 2469 decertabat.
827 2428 1060 2468 BLOMF.

231 2492 328 2546 867.
350 2496 454 2537 θεῖος
474 2495 612 2535 Turn.
645 2495 763 2538 θείοις
782 2493 876 2535 libri
897 2493 1058 2550 reliqui.

230 2559 326 2600 868.
368 2559 506 2615 ἅψειν]
546 2560 784 2602 Conserere.
835 2560 987 2602 Rarior
1026 2576 1149 2602 usus:
1191 2560 1441 2619 plerumque
1480 2562 1634 2604 dicitur

172 2626 356 2669 συνάπτω
377 2627 522 2682 μάχην.
580 2628 708 2671 Eum.
730 2640 828 2684 307.
855 2629 980 2683 χορὸν
1010 2629 1192 2683 ἅψωμεν.
1225 2631 1414 2687 Hesych.
1438 2629 1629 2673 “Amavz

170 2694 396 2737 συνάπτειν.
426 2696 661 2738 BLOMF.

229 2762 335 2818 νίκῃ]
360 2762 470 2814 νίκην
490 2761 591 2804 Ald.
615 2764 752 2804 Turn.
815 2764 952 2820 Supra
970 2764 1067 2818 478.
1093 2763 1255 2816 πέμπετ’
1277 2764 1435 2818 ἀρωγὴν
1461 2764 1466 2822 Ι
1493 2766 1633 2807 παισὶν

170 2831 404 2884 προφρόνως
425 2830 488 2872 ἐπὶ
509 2831 644 2882 νίκην;
677 2829 802 2881 Quod
824 2831 853 2872 si
878 2832 941 2872 ἐπὶ
961 2833 1072 2884 νίκην
1092 2831 1157 2882 sit,
1173 2833 1230 2874 ad
1250 2833 1469 2874 victoriam
1491 2848 1632 2890 repor-

854 2912 931 2954 312
