1962 3224
565 167 650 209 AD
681 169 1220 212 AGAMEMNONEM.
1543 173 1629 217 373

158 279 365 331 λαφύροις,
388 279 508 329 τῆσδε
536 279 604 329 τῆς
633 278 757 331 ἄγρας
784 278 915 333 χάριν.
947 280 1182 321 BLOMF.
1243 280 1471 337 Euripides
1497 282 1628 324 Rhes.

131 387 139 392 ,
163 356 256 399 179.
278 343 332 384 ab
355 342 538 384 Stanleio
557 355 835 400 comparatus,
857 347 914 388 A.
938 348 1002 388 καὶ
1020 348 1099 400 μὴν
1122 349 1316 401 λαφύρων
1336 348 1454 392 αὐτὸς
1473 349 1629 402 αἱρήσει

158 412 305 463 παρών.
338 412 388 452 Β.
424 415 577 453 θεοῖσιν
608 413 706 453 αὐτὰ
735 414 971 456 πασσάλευε
1003 415 1102 468 πρὸς
1131 416 1274 467 δόμοις.
1305 415 1469 470 λάφυρα
1499 418 1626 470 δουρί-

157 497 283 531 πηκτα
303 479 410 521 dixit
432 479 662 536 AEschylus
685 482 802 538 Sept.
822 485 916 535 278.

214 547 404 603 ἀρχαῖον]
427 548 700 590 scribendum
724 551 902 604 ἀρχαίοις
920 566 1014 591 cum
1039 552 1238 592 Porsono.

214 616 313 671 583.
337 618 566 674 ἀναίνομαι]
590 619 775 674 Irfitior.
825 620 933 660 Cum
958 618 1176 676 participio
1197 619 1406 675 loquentis
1423 621 1628 662 construi-

158 693 240 725 tur.
284 684 435 741 Eurip.
460 685 556 740 Iph.
579 687 636 726 A.
663 699 784 740 1512.
808 690 987 728 θανοῦσα
1008 686 1038 728 δ’
1061 687 1131 728 οὐκ
1152 689 1374 740 ἀναίνομαι.
1421 690 1549 731 Herc.
1573 691 1624 731 F.

162 762 285 808 1235.
309 753 351 794 εὖ
372 753 522 807 δράσας
551 754 596 795 δέ
622 754 659 795 σ’
683 755 751 796 οὐκ
773 757 994 807 ἀναίνομαι.
1025 771 1122 812 quae
1151 755 1327 798 contulit
1353 757 1624 800 Abreschius.

157 821 388 863 BLOMF.

213 889 312 943 584.
342 891 444 948 ἡβᾷ]
479 893 633 933 Sensus
662 902 737 942 est,
773 893 892 934 nulla
922 898 983 934 est
1009 901 1197 934 senectus
1223 893 1410 935 discendi
1441 895 1623 936 meliora.

158 958 295 999 Nemo
314 959 419 1001 adeo
438 975 560 1002 senex
583 969 658 1011 est,
680 960 782 1016 quin
804 976 846 1002 se
866 960 1099 1002 docendum
1129 960 1298 1003 meliora
1316 962 1502 1018 praebere
1531 978 1626 1019 pos-

157 1026 220 1068 sit.
254 1027 488 1069 BLOMF.

213 1096 313 1150 586.
346 1096 415 1147 ξὺν
435 1098 478 1138 δὲ
497 1098 741 1154 πλουτίζειν]
771 1098 917 1139 Simul
933 1098 1083 1139 ditare.
1145 1099 1259 1140 Nota
1289 1098 1462 1147 tmesiu3
1496 1114 1624 1155 quam

157 1162 269 1204 haud
292 1178 386 1204 raro
406 1163 566 1220 patitur
585 1165 699 1221 apud
721 1165 887 1206 Atticos
907 1165 1148 1222 praepositio
1169 1167 1257 1208 σύν.
1313 1166 1503 1223 Choeph.
1523 1167 1622 1222 458.

156 1230 230 1282 ξὺν
249 1233 292 1272 δὲ
313 1236 432 1285 γενοῦ
461 1232 558 1286 πρὸς
587 1234 768 1287 ἐχθρούς.
814 1235 911 1289 906.
944 1234 1022 1286 ἐγώ
1047 1232 1084 1273 σ’
1108 1234 1275 1287 ἔθρεψα,
1299 1234 1374 1275 σὺν
1395 1235 1438 1275 δὲ
1458 1238 1626 1288 γηρᾶναι

157 1299 274 1341 θέλω.
313 1300 389 1355 (sic
422 1301 684 1357 legendum.)
736 1300 891 1357 Eurip.
921 1300 1020 1341 Hel.
1050 1314 1144 1356 105.
1177 1302 1241 1342 καὶ
1271 1301 1342 1352 ξύν
1374 1319 1423 1355 γε
1460 1302 1624 1355 πέρσας.

157 1369 250 1410 Ion.
274 1370 371 1411 808.
396 1371 471 1412 σὺν
490 1371 566 1424 γάρ
587 1388 653 1412 σοι
674 1375 791 1412 νοσῶ.
826 1369 1006 1412 Scolium
1030 1384 1099 1425 ap.
1121 1369 1281 1411 Athen.
1312 1380 1374 1426 ¹5·
1392 1385 1432 1427 p.
1452 1373 1549 1426 695.
1565 1371 1622 1412 D.

157 1438 230 1478 σύν
258 1455 325 1489 μοι
354 1442 460 1489 πῖνε,
481 1438 652 1491 συνήβα,
675 1437 836 1491 συνέρα,
866 1438 1229 1490 σ-υστεφανηφόρει.
1282 1439 1364 1479 Σύν
1392 1455 1458 1490 μοι
1487 1454 1625 1489 μαινο-

154 1504 260 1561 μένῳ
289 1507 442 1558 μαίνεο,
465 1506 538 1548 σὺν
565 1507 744 1560 σώφρονι
764 1506 976 1559 σωφρόνει.
1025 1503 1147 1546 Plato
1179 1505 1363 1546 Phaedro
1392 1521 1434 1562 p.
1460 1518 1540 1562 237
1564 1507 1625 1548 A.

155 1574 225 1624 ξύν
240 1591 306 1626 μοι
325 1574 508 1626 λαβέσθε
524 1578 593 1615 τοῦ
612 1576 747 1626 μύθου.
781 1573 981 1629 Thucyd.
1005 1587 1046 1629 3,
1065 1586 1128 1628 13.
1149 1588 1174 1614 a
1195 1575 1382 1615 Porsono
1402 1573 1624 1624 indicatus,

155 1642 224 1693 ξὺν
246 1647 370 1686 κακῶς
390 1647 530 1684 ποιεῖν.
562 1642 724 1684 Callim.
747 1643 832 1699 Ep.
859 1656 895 1691 Ι,
917 1654 957 1698 5.
982 1645 1016 1684 εἰ
1035 1643 1066 1684 δ’
1090 1645 1177 1698 ἄγε,
1200 1646 1275 1686 σύν
1292 1663 1360 1697 μοι
1381 1646 1624 1688 Βούλευσον.

156 1710 410 1766 Exemplum
435 1720 609 1752 tmeseos
628 1720 690 1752 est
717 1726 843 1767 supra
873 1726 908 1751 v.
930 1722 1028 1766 437.
1059 1712 1122 1753 ὑπ’
1145 1713 1271 1767 ἄλγος
1302 1714 1425 1766 ἕρπει.
1473 1714 1624 1771 Eurip.

157 1778 332 1835 Hippol.
364 1793 461 1835 342.
492 1781 592 1835 589.
626 1793 746 1820 1110.
779 1789 834 1829 et,
865 1779 1056 1836 pluribus
1084 1781 1219 1822 verbis
1250 1781 1516 1838 interpositis,
1551 1783 1626 1823 So-

155 1847 290 1905 phocl.
329 1847 438 1889 Phil.
475 1849 597 1902 1187.
632 1847 699 1889 ed.
738 1848 907 1904 Musgr.
941 1849 1018 1890 ἀπὸ
1053 1851 1130 1902 γὰρ
1169 1850 1264 1901 βίον
1304 1851 1442 1891 αὐτίκα
1476 1852 1624 1904 λείψω.

162 1929 282 1970 1207.
308 1916 385 1957 ἀπὸ
414 1920 484 1958 νῦν
509 1933 559 1969 με
587 1914 735 1957 λείπετ’
757 1916 839 1968 ἤδη.
903 1918 1044 1967 Quum
1078 1917 1196 1958 tmesi
1228 1918 1451 1974 saepissime
1482 1929 1627 1960 utatur

156 1984 415 2032 Herodotus,
436 1999 530 2025 rara
550 1994 686 2025 tamen
709 1993 806 2024 sunt
826 1986 1016 2040 exempla
1036 1985 1108 2026 ubi
1133 1984 1230 2026 duae
1249 2001 1370 2027 voces
1389 1986 1454 2027 vel
1484 1986 1626 2043 plures

154 2052 263 2093 inter
281 2052 614 2109 praepositionem
637 2062 679 2093 et
700 2052 871 2092 verbum
894 2061 1128 2102 occurrant,
1148 2064 1195 2093 ut
1217 2065 1255 2106 7,
1283 2055 1371 2108 165.
1395 2055 1472 2095 ἀπὸ
1493 2055 1625 2097 πάντα

154 2123 204 2162 τὰ
221 2121 403 2175 χρήματα
424 2122 536 2175 ἄγον.
570 2121 641 2177 qui
659 2120 773 2162 locus
788 2120 898 2176 fugit
916 2120 1186 2162 Matthiaeum
1209 2121 1250 2161 in
1275 2122 1351 2163 Gr.
1369 2123 1444 2163 Gr.
1471 2124 1507 2177 ξ.
1521 2133 1621 2178 542.

155 2190 390 2231 BLOMF.

211 2259 307 2313 587.
331 2259 564 2309 ἀνωλόλυξα
583 2258 676 2311 μὲν]
711 2258 1019 2309 ἀνωλολύξαμεν
1035 2257 1143 2299 libri.
1176 2258 1430 2300 Emendavit
1452 2259 1511 2299 H.
1532 2260 1624 2300 Ste-

154 2325 331 2381 phanus.
364 2325 599 2378 ἀνηλάλαξα
620 2327 784 2366 Auctor
806 2324 962 2366 Christi
992 2325 1196 2366 Patientis
1217 2341 1253 2365 v.
1280 2336 1347 2380 70.
1379 2342 1404 2367 a
1435 2327 1623 2369 Porsono

154 2393 383 2442 indicatus;
416 2394 484 2436 cui
502 2394 666 2436 lectioni
687 2394 800 2435 favet
821 2392 972 2450 Eurip.
997 2392 1146 2450 Suppl.
1170 2404 1265 2449 719.
1286 2393 1393 2447 Ἐγὼ
1420 2394 1452 2435 δ’
1476 2394 1625 2446 ἀνηλά-

154 2467 274 2514 λαξα,
297 2461 623 2517 κάνωρχησάμην,
647 2463 861 2515 Κᾶκρουσα
881 2465 1029 2515 χεῖρας.
1094 2461 1250 2503 Confer
1270 2462 1392 2503 etiam
1416 2462 1622 2505 Phoeniss.

159 2544 284 2582 1410.
306 2530 460 2572 Electr.
485 2531 579 2586 855.
605 2530 736 2587 Soph.
761 2529 909 2585 Antig.
936 2542 1028 2584 131.
1075 2529 1155 2571 Sed
1179 2529 1332 2571 femina
1351 2530 1501 2572 rectius
1523 2531 1623 2572 dici-

156 2607 226 2639 tur
246 2599 517 2647 ἀνολολύζειν.
566 2597 660 2638 Vid.
685 2613 723 2639 v.
744 2608 842 2652 595.
867 2598 1101 2638 BLOMF.
1148 2599 1199 2639 V.
1222 2597 1371 2640 Elmsl.
1392 2599 1445 2640 ad
1468 2599 1621 2656 Eurip.

156 2665 324 2708 Heracl.
352 2666 444 2719 782.

210 2743 309 2790 590.
334 2733 518 2789 ἐνίπτων]
542 2735 716 2775 ἐνίππων
738 2735 773 2774 F
778 2733 802 2773 l.

211 2805 448 2855 φρυκτωρῶν
468 2802 549 2856 δία]
577 2801 846 2843 Scribebatur
866 2805 1104 2855 φρυκτωρῶν
1120 2800 1194 2843 διά.

210 2880 307 2926 593.
340 2871 478 2922 λόγοις
506 2870 695 2912 τοιούτοις
724 2868 925 2922 πλαγκτὸς
959 2867 1044 2910 οΰσ’
1079 2870 1317 2925 ἐφαινόμην]
1357 2871 1621 2926 Ηιρβῑιετηοᾱὶ

154 2938 412 2979 sermoni-hus
427 2938 680 2994 efficiebatur
694 2943 742 2978 ut
756 2937 982 2978 temeraria
999 2936 1179 2977 viderer.
1215 2942 1241 2961 “
1261 2938 1357 2979 Hoc
1373 2947 1414 2979 et
1429 2939 1622 2994 proximo
