1962 3224
639 149 729 189 AD
762 148 1120 189 SUPPLICES.
1531 145 1617 189 627

153 261 263 309 dam,
294 274 387 318 quae
422 260 621 301 violenter
650 274 720 301 cor
751 273 887 300 meum
920 259 1172 315 discerpant,
1204 258 1374 315 exponit
1407 257 1514 299 enim
1549 260 1618 298 τοῦ

154 329 281 383 γάμου
320 330 520 381 δαϊκτῆρος
558 330 625 379 τῆς
661 329 819 381 καρδίας
851 344 938 379 μου.
1013 327 1168 367 Verum
1209 324 1409 381 implicita
1447 325 1538 366 haec
1577 335 1619 367 et

153 396 353 453 perplexa
381 395 631 437 constructio
660 395 880 436 verborum
913 393 1027 436 haud
1062 394 1211 452 placet.
1254 394 1328 450 Βία
1364 395 1523 447 καρδίας
1556 402 1618 434 est

153 465 287 506 invito
305 465 460 514 animo,
484 474 529 505 ut
553 464 750 505 ἀεκόντων
774 462 950 516 λέκτρων
971 478 1009 503 v.
1031 476 1100 515 40.
1131 473 1173 504 et
1203 462 1368 516 δαΐκτωρ
1398 462 1525 516 γάμος
1558 472 1620 504 est

154 533 466 573 matrimonium
489 533 531 572 vi
552 531 690 572 hostili
711 531 944 572 obtrusum.
981 530 1036 572 cf.
1061 547 1102 572 V.
1124 532 1192 588 38.
1215 546 1304 588 sqq.
1340 532 1473 573 SCH.

211 611 310 654 799.
333 600 509 657 καρδίας]
534 598 807 640 Scribendum
833 598 983 651 κάρζας.
1017 600 1067 641 V.
1090 599 1143 640 ad
1164 615 1203 639 v.
1226 609 1294 653 71.

210 667 306 709 800.
329 667 457 722 κυσὶν]
479 668 612 708 κύσειν
637 668 697 708 Μ.
721 665 822 707 Ald.
844 676 886 707 et
905 666 1038 708 codex
1060 666 1308 709 Robortelli.

217 735 315 776 801.
337 734 517 791 δεῖπνον]
540 738 680 776 δεῖπνα
701 733 812 775 Rob.
846 734 1010 776 δείπναν
1030 735 1096 776 Μ.

219 803 315 844 802.
338 802 629 858 ἐλευθεροῦται]
655 803 809 858 Margo
831 803 895 843 M.
917 803 1004 844 ἀντὶ
1023 806 1092 844 τοῦ
1113 803 1328 855 ἐλευθεροῖ.

221 871 317 925 803.
339 871 596 926 φιλαιάκτῶν]
619 871 736 924 φίλαι
757 871 800 911 ἐκ
821 873 898 911 τῶν
915 870 1058 911 Guelf.
1078 871 1180 912 Ald.
1197 870 1310 911 Rob.
1331 871 1468 912 Turn.
1490 876 1625 924 φιλαι-

163 937 290 979 άκτων
310 937 494 978 Lobeck.
516 937 696 994 Paralip.
718 953 763 994 p.
784 948 885 992 497.

221 1005 318 1058 804.
339 1005 486 1046 ἐλθέτω
508 1005 716 1046 Pauwius.
777 1004 827 1045 In
850 1004 964 1046 libris
984 1004 1256 1061 duplicatum.

222 1074 316 1114 806.
340 1074 491 1114 Versus
510 1073 795 1130 interpolatuS‚
816 1072 858 1113 in
883 1088 969 1128 quo
999 1088 1128 1114 unum
1161 1083 1323 1115 tantum
1345 1073 1512 1116 videtur
1541 1089 1628 1115 esse

163 1142 410 1183 vocabulum
435 1141 705 1199 AEschyleum
729 1142 864 1194 πόρον.

222 1207 313 1263 τίν’]
338 1209 446 1252 τίνας
467 1209 534 1249 Μ.

222 1277 320 1330 ἄμφ’
340 1277 457 1319 αὑτᾶς
479 1277 617 1330 (αὐτᾶς
639 1277 743 1333 Μ.)]
764 1279 853 1330 περὶ
875 1279 1040 1330 ἐμαυτῆς
1059 1278 1238 1335 explicat
1260 1279 1491 1322 scholiasta.
1531 1280 1627 1333 ἀμφ’

167 1344 285 1387 αὑτὰς
304 1343 406 1385 Ald.
438 1343 506 1397 ἀφ’
530 1345 649 1388 αὐτᾶς
673 1346 762 1399 (sic)
787 1346 898 1387 Rob.

224 1412 320 1464 807.
351 1411 478 1464 τέμνω
510 1413 577 1453 Μ.
611 1413 721 1454 Rob.
752 1413 875 1454 τέκνω
901 1413 1002 1455 Ald.
1037 1415 1133 1467 εὕρω
1166 1416 1303 1458 Turn.
1337 1416 1483 1473 Steph.
1515 1415 1631 1472 quod

166 1493 216 1519 ex
238 1479 502 1520 annotatione
525 1479 752 1522 scholiastae
780 1491 964 1522 sumtum
986 1490 1048 1522 est
1068 1481 1140 1537 qui
1161 1482 1215 1523 ad
1237 1483 1363 1525 verba
1384 1485 1447 1526 καὶ
1467 1483 1632 1537 λυτήρια

165 1545 382 1603 adscripsit
401 1548 530 1589 λείπει
551 1549 663 1600 εὕρω.

221 1617 369 1667 λυτῆρα
391 1614 650 1656 Schuetzius.
683 1618 746 1658 καὶ
765 1617 929 1671 λυτήρια
948 1617 1056 1659 libri.

226 1682 321 1723 808.
342 1683 439 1736 ἴυζε]
462 1684 565 1732 ἵυζεν
586 1684 650 1724 M.
681 1686 783 1734 ἵῦζευ
804 1685 905 1727 Ald.

225 1750 407 1804 ὀρανίαν]
442 1750 627 1803 οὐρανίαν
649 1752 748 1793 Ald.
772 1754 908 1794 Turn.
941 1755 1104 1806 οὐρανία
1130 1755 1198 1795 Μ.
1231 1754 1395 1807 οὐράνια
1427 1755 1500 1810 (ad
1530 1755 1632 1807 μέλη

168 1816 366 1868 relatum)
399 1818 508 1859 Rob.
542 1819 685 1875 Steph.
748 1820 929 1862 Restitui
965 1823 1142 1874 ὀρανίαν,
1174 1821 1227 1863 de
1260 1838 1345 1878 qua
1379 1822 1512 1863 forma
1546 1823 1633 1864 dixi

169 1884 221 1925 ad
246 1883 373 1940 Soph.
398 1883 502 1925 OEd.
526 1884 615 1926 Col.
638 1888 759 1938 1466.

230 1953 326 2006 809.
357 1953 421 1994 καὶ
449 1968 532 1993 om.
565 1954 703 1994 Turn.
732 1955 804 2010 qui
836 1955 982 1996 vitium
1016 1955 1144 2012 hujus
1170 1971 1312 1997 versus
1344 1956 1636 1998 animadvertit

171 2019 358 2076 quidem,
380 2020 450 2061 sed
474 2035 554 2061 non
577 2021 747 2063 sanavit.

232 2089 330 2130 810.
350 2088 484 2143 τέλεα]
506 2088 642 2130 τέλεια
663 2090 775 2131 Rob.

231 2155 275 2198 δέ
302 2173 368 2208 μοι
397 2154 497 2211 πῶς]
531 2157 676 2198 Lectio
710 2158 869 2200 vitiosa.
910 2159 954 2200 δέ
988 2177 1068 2203 πως
1105 2159 1382 2201 Wellauerus.
1445 2160 1638 2203 Delenda

172 2223 450 2280 interpunctio
483 2234 577 2280 post
607 2229 687 2269 πῶς
720 2236 762 2267 et
795 2227 956 2279 λύσιμα,
990 2228 1315 2284 ponendumque
1349 2243 1510 2269 comma
1544 2239 1639 2285 post

174 2292 375 2344 πελόμενά
412 2310 491 2345 μοι.
574 2292 814 2345 Scholiasta,
850 2295 1126 2336 ἐπιτελεστικά
1163 2313 1230 2348 μοι
1271 2296 1333 2337 καὶ
1371 2297 1522 2349 λύσιμα
1560 2301 1638 2339 τῶν

177 2364 302 2402 κακῶν
322 2363 522 2414 γινόμενα.
544 2361 596 2402 ad
617 2377 712 2417 quae
736 2362 777 2403 in
806 2362 873 2403 ed.
898 2362 1042 2419 Steph.
1073 2363 1240 2405 accessit
1270 2363 1555 2421 interpretatio
1583 2365 1638 2406 ad

177 2442 339 2469 versum
360 2428 595 2484 proximum
617 2430 844 2480 referenda,
865 2431 1012 2474 ἄλλως·
1045 2431 1132 2472 ἀντὶ
1152 2434 1222 2472 τοῦ
1241 2432 1433 2486 ἆτάραχα.

236 2495 332 2536 811.
361 2497 509 2547 λύσιμα
537 2496 708 2554 μάχιμα]
739 2498 884 2538 Lectio
914 2497 1070 2539 vitiosa.
1102 2500 1251 2550 λύσιμα
1281 2500 1409 2552 γάμου
1442 2502 1637 2554 (circum-

178 2563 289 2619 spice
308 2563 593 2603 liberationem
613 2579 640 2603 a
659 2566 839 2620 nuptiis)
862 2565 1036 2621 conjecit
1060 2566 1317 2608 Schuetzius.

239 2631 334 2671 812.
365 2631 479 2681 βίαια
507 2631 559 2681 μὴ
591 2632 657 2672 Μ.
694 2633 791 2674 Par.
825 2632 937 2673 Rob.
968 2634 1042 2683 βία
1069 2634 1122 2685 μὴ
1151 2634 1253 2675 Ald.
1284 2636 1381 2685 βίαν
1409 2636 1462 2687 μὴ
1495 2637 1638 2678 Guelf.

180 2699 278 2751 βίαν
299 2700 334 2739 εἰ
355 2698 492 2739 Turn.
516 2699 659 2755 Steph.

239 2765 386 2820 φιλεῖς]
405 2766 551 2807 Lectio
571 2767 732 2809 soloeca.
764 2772 899 2820 φιλοῖς
916 2768 1174 2811 Schuetzius.
1197 2772 1331 2823 φίλοις
1348 2771 1644 2813 Lachmannus

181 2850 222 2891 p.
247 2834 313 2877 28.

240 2901 360 2955 ὀρῶν]
383 2902 475 2954 ὁρᾶς
496 2901 598 2943 Ald.
631 2903 727 2954 ὁρᾶν
748 2903 884 2943 Turn.
909 2903 1053 2960 Steph.

851 2985 879 3022 4
900 2985 926 3011 x
951 2984 974 3013 2
