1962 3224
420 197 505 239 516
601 198 1095 240 ANNOTATIONES
1127 199 1215 239 AD
1248 197 1681 241 CHOEPHORAS.

483 320 603 364 1073.
624 309 788 350 Anxius
806 309 859 350 de
878 309 1021 349 futuro
1041 308 1189 350 chorus
1208 307 1386 358 dubitat,
1407 321 1459 348 an
1479 308 1665 348 Orestem
1693 306 1861 361 sospita-

423 384 551 416 torem
580 376 732 431 potius‚
753 376 807 416 ob
826 390 998 431 regnum
1020 374 1346 431 Clytaemnestrae
1370 384 1411 415 et
1432 372 1614 429 AEgisthi
1645 371 1860 429 tyrannide

420 441 654 493 liberatum,
686 457 738 482 an
772 443 893 494 μόρον
926 441 969 482 h.
996 457 1030 483 e.
1067 456 1184 482 novae
1216 440 1341 481 cladis
1371 449 1577 482 auctorem
1610 439 1732 489 dicat,
1763 453 1858 494 quae

420 508 527 549 forte
556 508 607 549 sit
645 508 853 564 piaculum
890 523 941 548 ex
977 507 1116 548 matris
1148 506 1259 548 caede
1293 515 1537 562 conceptum
1576 516 1856 546 consecutura.

479 642 604 694 τρίτος
623 640 768 694 σωτήρ]
793 641 954 695 Nempe
975 641 1150 681 Orestes.
1199 641 1347 681 Jovem
1367 639 1555 694 intelligit
1587 636 1858 694 Spanhemius

422 707 476 748 ad
497 706 710 762 Aristoph.
733 705 846 747 Plut.
871 707 991 759 1176.
1012 716 1059 747 ut
1076 706 1117 746 in
1138 707 1263 747 Eum.
1286 707 1378 760 756.
1401 705 1614 748 Παλλάδος
1634 705 1696 746 καὶ
1715 705 1857 754 Λοξίου

416 773 571 824 ”Εκατι,
589 774 651 814 καὶ
670 775 738 813 τοῦ
755 772 883 813 πάντα
903 773 1125 823 κραίνοντος
1144 773 1271 823 τρίτου
1292 773 1481 823 Σωτῆρος.
1525 770 1669 826 Suppl.
1694 780 1757 824 27.
1781 770 1857 810 Καὶ

424 841 522 883 Ζεὺς
541 839 668 891 σωτὴρ
688 839 822 890 τρίτος.
864 839 912 878 V.
933 837 987 878 ad
1006 839 1159 893 Agam.
1181 848 1275 892 237.
1318 838 1378 877 Et
1396 837 1500 878 inest
1524 837 1694 877 fortasse
1713 835 1857 877 allusio

422 905 612 961 quaedam
632 904 684 945 ad
706 905 856 944 Jovem
878 903 1183 959 Sospitatorem.
1215 903 1443 944 BLOMF.

482 983 601 1026 1075.
622 974 697 1012 ποῦ
717 972 811 1021 δῆτα
831 969 978 1024 κρανεῖ]
1000 969 1148 1011 Similis
1162 969 1328 1026 querela
1346 969 1398 1010 de
1417 967 1661 1010 continuatis
1676 968 1856 1024 Pelopiae

422 1039 569 1079 domus
588 1036 886 1079 calamitatibus
904 1035 1016 1091 apud
1036 1036 1278 1092 Sophoclem
1299 1035 1451 1077 Electr.
1474 1050 1513 1075 v.
1532 1046 1631 1089 505.
1664 1035 1795 1075 SCH.

477 1109 548 1146 ποῖ
564 1105 615 1160 κ.]
635 1107 688 1155 πῆ
709 1121 743 1145 κ.
764 1103 865 1144 Ald.
889 1104 1023 1144 Turn.

482 1174 603 1226 1076.
617 1169 934 1226 μετακοιμισθὲν]
950 1170 1275 1222 μετακοιμίζομαι,
1293 1169 1581 1224 Interquz'esco.
1614 1168 1728 1209 Sicut
1742 1167 1854 1223 apud

422 1240 653 1279 Homerum
672 1237 950 1290 μεταπαύομαι.
997 1236 1050 1277 ΙΙ.
1072 1241 1115 1277 Ρ.
1136 1246 1187 1290 37
1193 1249 1232 1291 3.
1261 1236 1570 1288 μεταπαυόμενοι
1599 1235 1640 1275 δὲ
1668 1235 1854 1287 μάχοντο.

423 1305 495 1346 Vel
515 1304 748 1360 simpliciter
758 1309 858 1360 post
875 1304 1048 1359 quiesco,
1068 1312 1116 1343 ut
1133 1303 1382 1354 μετακλαίειν
1400 1310 1461 1343 est
1482 1307 1575 1357 post
1592 1301 1824 1356 lacrymare
1837 1318 1852 1347 ‚-

421 1371 541 1412 Iliad.
568 1375 618 1412 A.
640 1372 735 1425 763.
766 1370 995 1411 BLOMF.
1043 1369 1146 1422 μέγα
1175 1369 1373 1420 κοιμισθέν
1396 1367 1590 1409 Valcken.
1619 1366 1672 1407 ad
1702 1367 1853 1423 Eurip.

420 1438 566 1479 Phoen.
587 1439 706 1492 1576.
1343 1474 1346 1475 γ

474 1504 581 1559 ἄτης]
602 1505 699 1555 ἄτην
718 1502 820 1546 Ald.
871 1503 923 1544 In
944 1501 1087 1544 Guelf.
1110 1500 1377 1557 adscriptum,
1398 1499 1510 1543 τέλος
1530 1501 1733 1553 Αἰσχύλου
1762 1500 1851 1553 δρά-

415 1587 536 1624 ματος
554 1572 770 1623 Χοηφόροι.
