1962 3224
567 173 658 216 AD
689 172 1131 216 CHOEPHORAS.
1502 173 1588 218 489

174 294 272 342 775.
308 285 555 342 Suspectum
586 294 648 328 est
673 284 765 328 ἀλλ’
787 287 824 328 εἰ
846 285 956 340 (ἀλλ’
979 285 1014 328 εἲ
1035 285 1183 340 Rob.),
1203 285 1319 342 quod
1349 301 1400 328 ex
1430 301 1586 343 praece-

112 352 237 396 dente
257 352 348 396 ἀλλ’
369 353 394 405 ἤ
412 362 550 395 ortum
573 353 758 406 videtur,
779 354 893 417 quod
908 354 1046 412 ipsum
1068 354 1134 396 hic
1153 369 1323 411 quoque
1341 354 1586 397 restituebat

114 421 334 464 Stanleius.
783 417 794 421 '¹

167 490 381 544 τροπαίαν]
418 490 757 533 Conversionem.
806 490 944 532 Schol.
979 490 1243 544 μετατροπήν,
1271 499 1320 533 ut
1352 490 1395 532 in
1432 490 1585 547 Agam.

113 569 210 612 213.
240 556 387 612 φρενὸς
414 558 548 600 πνέων
577 561 758 611 δυσσεβῆ
788 560 998 612 τροπαίαν.
1047 558 1190 600 Theb.
1213 568 1310 615 703.
1338 558 1513 611 λήματος
1542 558 1587 599 ἐν

110 627 289 681 τροπαίᾳ.
322 641 375 668 sc.
398 627 510 682 αὔρᾳ.
550 628 705 685 Eurip.
727 627 797 668 El.
821 638 942 684 1154.
964 627 1157 681 Ἀμοιβαὶ
1176 632 1318 670 κακῶν·
1348 628 1587 682 μετάτροποι

109 691 316 744 πνέουΙσ-ιν
335 695 448 748 αὖραι
469 697 610 748 δόμων.
644 697 792 738 Vertas
811 706 952 738 autem
980 695 1073 738 ἀλλ’
1097 698 1146 748 εἰ,
1167 696 1241 738 sed
1259 698 1376 754 quid,
1397 698 1436 738 si
1456 697 1586 752 Jupi-

108 766 173 802 ter
191 770 268 803 etc.
300 762 533 806 BLOMF.

169 840 266 886 779.
300 833 350 873 τὰ
382 833 642 887 πεπραγμένα
676 832 782 874 Ald.
825 834 964 874 Turn.
1003 835 1052 875 τὰ
1092 833 1332 887 πεπαλμένα
1371 833 1486 876 Rob.
1536 835 1586 875 τὰ

108 899 372 953 πεπλαγμένα
393 901 535 944 Guelf.
567 902 877 955 τάπεσταλμένα
897 901 1044 958 Steph.

169 968 266 1022 780.
284 968 579 1026 μέλει-μέλῃ]
600 970 932 1026 μέλλει-μέλλῃ
950 971 1016 1012 Μ.
1039 969 1185 1013 Guelf.
1209 969 1323 1011 Rob.

168 1036 697 1096 783—788=794—799·
951 1056 954 1058 ·

166 1105 694 1163 789-793=827-—830-

165 1173 502 1230 800—805-81
511 1175 619 1217 2--8
631 1176 691 1217 18.

163 1240 692 1299 819—826=831—837.

165 1309 264 1365 783.
298 1310 393 1364 784.
424 1320 463 1353 et
492 1311 777 1369 antistrophici
808 1322 907 1368 794.
930 1322 1026 1368 795.
1058 1311 1099 1353 in
1131 1326 1262 1353 unum
1286 1327 1450 1354 versum
1482 1328 1578 1355 con-

98 1375 346 1434 jungantur.

164 1446 260 1502 783.
290 1448 580 1506 παραιτουμένῃ
608 1466 676 1501 μοι
707 1449 845 1490 Turn.
879 1447 1028 1505 Steph.
1080 1448 1357 1501 παραιτούμεν’
1391 1449 1478 1501 ἐμοὶ
1508 1449 1575 1490 Μ.

105 1513 247 1555 Guelf.
271 1515 382 1558 Rob.
413 1515 641 1570 παραιτούμ’
665 1518 709 1559 ἐν
728 1517 795 1569 μοὶ
814 1515 916 1558 Ald.

161 1581 258 1638 785.
297 1584 452 1641 τυχεῖν]
496 1585 644 1627 Lectio
676 1584 834 1627 vitiosa.
880 1588 999 1639 σχεῖν
1033 1582 1223 1625 Federus
1259 1585 1495 1626 Comment.
1531 1584 1574 1626 in

102 1651 259 1708 Agam.
275 1667 401 1695 carm.
421 1652 545 1710 epod.
567 1668 608 1710 p.
631 1667 701 1710 39.

158 1737 225 1772 μοι
245 1720 383 1762 Turn.
406 1721 552 1778 Steph.
582 1739 658 1775 μου
679 1720 782 1762 Ald.
804 1720 916 1763 Rob.
946 1722 1023 1773 μοῦ
1043 1720 1112 1760 Μ.
1136 1718 1281 1761 Guelf.

159 1788 256 1841 786.
287 1790 336 1830 τὰ
363 1789 582 1843 σώφροσυν
613 1788 884 1842 εὗμαιομένοις
903 1788 1045 1831 Guelf.
1068 1787 1170 1830 Ald.
1213 1789 1571 1843 *τασωφροσυνευ-

101 1856 328 1909 μαιομένοις
347 1857 458 1899 Rob.
492 1860 542 1900 τὰ
562 1859 768 1912 σώφροσιν
790 1858 834 1899 εὖ
852 1857 1081 1910 μαιομένοις
1098 1858 1234 1899 Turn.
1252 1867 1294 1898 et
1309 1857 1569 1899 recentiores.

100 1927 149 1966 τὰ
169 1923 343 1978 σώφρον’
366 1926 409 1967 εὖ
429 1926 663 1967 Hermann.
697 1925 930 1967 BLOMF.
992 1925 1105 1966 Cum
1132 1924 1244 1966 Rob.
1268 1925 1471 1966 consentit
1502 1926 1565 1967 M.

100 1990 178 2032 nisi
198 1990 313 2047 quod
332 1993 380 2033 τὰ
400 2006 495 2033 cum
515 2001 687 2034 accentu
709 1992 925 2049 scriptum.

157 2059 253 2113 787.
274 2059 514 2115 διαδικάσαι]
539 2063 761 2102 διαδικᾶσαι
781 2061 845 2102 Μ.
882 2048 1064 2102 διαδικᾶῧι
1094 2060 1238 2103 Guelf.
1291 2061 1566 2104 scribendum

99 2129 163 2169 διὰ
191 2128 301 2171 δίκας
329 2142 423 2169 cum
455 2128 643 2180 Pauwio,
667 2127 783 2184 quod
811 2126 912 2184 legit
943 2127 1172 2180 scholiasta,
1199 2129 1273 2186 qui
1301 2130 1481 2187 explicat
1507 2134 1563 2173 δι-

99 2195 226 2246 καίως,
249 2198 347 2237 κατὰ
367 2197 476 2249 δίκην
494 2194 518 2248 ἢ
540 2199 638 2238 κατὰ
657 2196 702 2237 τὸ
724 2198 888 2238 δίκαιον.
922 2197 1131 2239 Punctum
1155 2208 1249 2255 post
1267 2199 1362 2243 ἔπος
1380 2200 1563 2256 positum

95 2262 296 2306 deleatur.

154 2332 253 2384 788.
285 2332 444 2381 ἔλακον,
468 2335 560 2375 Ζεῦ·
595 2333 646 2375 σὺ
667 2331 711 2374 δέ
731 2348 794 2374 νιν
814 2331 1061 2391 φυλάσσοις]
1097 2334 1372 2378 Scribendum
1398 2337 1560 2381 ἔλακον.

97 2398 128 2441 ὦ
149 2403 242 2451 Ζεῦ,
262 2401 314 2442 σύ
334 2417 396 2441 νιν
416 2400 642 2454 φυλάσσοις
661 2415 756 2442 cum
780 2399 1039 2443 Blomfieldo.

153 2466 394 2523 φυλάσσοις]
415 2468 642 2522 φυλάσσεις
662 2467 805 2510 Guelf.
827 2468 929 2511 Ald.

154 2534 250 2589 789.
271 2543 312 2576 et
333 2545 429 2591 790.
445 2535 487 2576 in
508 2551 640 2578 unum
664 2552 827 2578 versum
849 2537 1145 2594 conjungendi,
1167 2539 1232 2582 θὲς
1259 2547 1399 2580 autem
1420 2540 1558 2582 versui

97 2613 194 2656 791.
215 2601 470 2644 addendum.

151 2670 249 2725 789.
274 2669 293 2711 ἓ
314 2669 349 2725 ἒ]
371 2670 412 2712 ἔε
433 2670 474 2712 ἔε
493 2671 559 2712 M.
592 2672 611 2712 ὲ
632 2673 652 2712 ἑ
673 2671 817 2713 Guelf.
840 2671 943 2714 Ald.
979 2672 1000 2714 ἓ
1021 2672 1040 2714 ἓ
1062 2673 1202 2714 Turn.
1225 2672 1372 2729 Steph.
1417 2674 1554 2715 Inter-

86 2737 286 2792 jectiones
305 2747 424 2779 extra
443 2747 620 2780 metrum
641 2738 800 2795 positae.

147 2805 268 2858 προδὲ
289 2805 468 2860 δήχθρῶν
488 2806 556 2846 Μ.
577 2805 680 2848 Ald.
704 2807 759 2848 R.
790 2806 866 2860 πρὸ
887 2806 1067 2861 δήχθρῶν
1089 2806 1230 2848 Turn.

146 2883 241 2927 790.
263 2876 340 2914 τῶν
362 2873 440 2914 ἔσω
459 2873 682 2927 μελάθρων,
703 2872 855 2929 ι’ἷὶΖεῦ]
879 2873 1152 2916 scribendum
1172 2874 1244 2916 τὸν
1265 2874 1416 2918 ἔσωθεν
1430 2877 1553 2929 μελά·

87 2942 190 2992 θρων
210 2944 288 2982 Ζεῦ
307 2956 401 2982 cum
426 2940 611 2983 Seidlero
628 2941 682 2983 de
702 2957 805 2984 vers.
829 2941 995 2984 dochm.
1016 2957 1060 2999 p.
1075 2943 1177 2995 406.

780 3023 858 3065 30
