1962 3224
649 190 740 232 AD
772 189 1216 232 CHOEPHORAS.
1585 188 1670 230 457

255 315 357 360 302.
377 302 558 359 πολίτας]
580 301 777 359 Argivos.

256 385 354 428 304.
388 374 497 413 δυοῖν
530 369 752 424 γυναικοῖν]
787 367 954 410 Acerbe
983 367 1172 410 dictum:
1216 380 1268 408 ne
1294 366 1453 422 Arg-ivi
1485 365 1670 406 duarum

198 440 421 482 mulierum
442 438 630 496 AEgisthi
650 449 690 480 et
713 438 1046 495 Clytaemnestrae
1067 436 1246 493 imperio
1265 435 1441 477 subsint.
1477 434 1611 475 SCH.

255 517 352 563 305.
384 507 524 559 θήλεια
543 509 619 561 γὰρ
641 505 766 561 φρὴν]
791 506 900 546 Haec
926 504 979 546 ad
1011 503 1144 545 solum
1170 501 1414 559 AEgisthum
1446 499 1670 558 pertinent.

198 576 429 619 Muliebris
454 578 564 618 enim
591 582 652 617 est
678 585 718 617 et
748 575 926 632 ignavus
956 574 1078 615 etiam
1103 571 1290 628 AEgisthi
1309 571 1509 617 animu8;
1542 579 1669 620 certe,

198 659 257 686 an
285 645 402 686 haud
431 645 493 686 ita
518 646 589 695 sit,
617 659 714 686 moa:
742 645 832 700 ipse
862 643 1119 700 emperietur,
1146 641 1178 682 si
1211 655 1307 682 cum
1342 655 1391 680 eo
1427 653 1671 695 congressus

199 712 341 759 fuero„
365 714 500 754 SCH.
563 712 686 754 Conf.
714 711 842 769 Soph.
865 710 1024 752 Electr.
1046 723 1145 767 301.
1175 710 1195 750 ὁ
1222 707 1335 750 πάντ’
1358 708 1522 751 ἄναλκις
1545 707 1673 757 οὗτος,

199 781 224 833 ἡ
243 785 356 823 πᾶσα
373 781 528 834 βλάβη,
544 783 564 822 ὁ
587 781 662 822 σὺν
682 781 835 835 γυναιξὶ
850 782 919 824 τὰς
938 779 1069 834 μάχας
1082 778 1326 829 ποιούμενος.
1352 777 1668 818 KLAUSEN.

202 851 353 892 εἴσεται
392 849 690 906 significatione
720 849 899 905 passiva,
930 849 1101 897 scietur,
1137 846 1297 903 accepit
1332 844 1582 886 Erfurdtius
1617 844 1672 885 ad

205 917 333 975 Soph.
356 918 461 959 OEd.
485 919 540 960 T.
563 931 687 974 1499.
709 917 773 958 ed.
795 916 894 958 min.

258 997 357 1042 307.
389 987 598 1041 τελευτᾶν]
631 985 821 1028 Subaudi
843 986 1020 1040 εὔχομαι.
1043 982 1124 1039 [vel
1145 983 1272 1037 δότε].
1304 983 1539 1035 μεταβαίνει
1559 997 1673 1031 vero,

202 1055 537 1112 transgreditur,
558 1069 609 1096 ex
631 1054 708 1096 hac
727 1063 846 1111 parte
867 1053 908 1094 in
928 1052 1056 1094 illam.
1091 1051 1324 1092 BLOMF.

259 1136 359 1179 309.
391 1123 479 1165 ἀντὶ
502 1124 593 1180 μὲν]
618 1124 803 1166 Justitia
822 1122 1019 1164 nimirum
1041 1134 1203 1178 magna
1223 1134 1332 1170 voce,
1355 1120 1550 1168 debitum,
1571 1118 1613 1160 h.
1636 1134 1673 1161 e.

195 1191 270 1249 jus
289 1191 466 1243 talionis,
486 1193 663 1250 eoeigeus
682 1193 860 1234 clamat:
891 1189 1207 1232 Maledicentiae
1221 1188 1528 1239 maledicentia,
1545 1188 1675 1231 caedes

202 1261 307 1302 coedi
326 1267 570 1317 reponatur.
603 1262 736 1304 SCH.

259 1328 350 1385 μὲν]
370 1331 447 1383 γὰρ
467 1330 581 1372 Rob.

264 1399 408 1453 ἐχθρᾶς
434 1399 641 1454 γλώσσης]
667 1400 789 1450 Haec,
810 1407 859 1440 ut
879 1396 1072 1448 arbitror,
1095 1394 1458 1453 Clytaemnestram
1480 1403 1675 1452 tangunt,

204 1481 301 1523 quae
321 1465 561 1508 criminibus
581 1467 623 1509 in
645 1467 841 1509 maritum
862 1465 1058 1523 conjectis
1077 1465 1112 1522 ej
1121 1481 1168 1506 us
1187 1463 1343 1506 caedem
1373 1479 1572 1505 excusare
1598 1479 1674 1505 cu-

204 1534 357 1591 piebat.
419 1534 487 1577 Sic
524 1537 680 1593 Agam.
713 1551 752 1577 ν.
796 1548 872 1588 142
875 1546 915 1591 5.
956 1550 1046 1591 sqq.
1085 1533 1319 1591 Iphigeniae
1354 1531 1597 1574 sacrificium
1636 1543 1678 1575 et

205 1619 244 1645 v.
276 1616 397 1661 1449.
430 1604 677 1647 Cassandrae
706 1604 962 1646 connubium
992 1612 1159 1645 mortuo
1188 1602 1498 1659 Agamemnoni
1528 1618 1678 1659 expro-

206 1672 367 1715 brabat.
398 1674 530 1716 SCH.

263 1755 362 1798 311.
384 1742 485 1799 δίκη]
507 1744 612 1795 δίκης
633 1742 776 1785 Guelf.
799 1741 901 1784 Ald.
933 1743 1046 1794 δίκηα
1067 1743 1134 1783 Μ.
1165 1743 1275 1795 δίκην
1296 1743 1352 1784 R.

263 1810 351 1865 μέγ’
373 1810 503 1868 ἆῦτεῖ]
524 1811 689 1865 μέγαυτι
709 1812 776 1854 M.
797 1810 1007 1868 adscripto
1027 1811 1069 1852 in
1090 1810 1278 1868 margine
1307 1810 1415 1863 οἶμαι
1444 1808 1531 1864 μέγ’
1555 1810 1676 1851 ἇϋτεῖ.

206 1879 373 1934 μέγαντι
393 1879 507 1921 Rob.

265 1961 364 2004 313.
396 1948 587 2002 δράσαντι
620 1948 779 2003 παθεῖν]
811 1949 943 1990 Vetus
975 1946 1242 2004 proverbium
1282 1945 1491 2001 (τριγέρων
1523 1948 1677 2000 μῦθος).

209 2018 374 2074 Nempe
402 2016 494 2074 lege
524 2016 686 2059 talionis
709 2016 825 2058 nulla
844 2015 912 2057 lex
931 2014 1149 2057 vetustior.
1180 2014 1360 2056 Aristot.
1382 2014 1487 2056 Eth.
1510 2015 1674 2056 Nioom.

209 2096 250 2142 5,
275 2100 315 2142 5.
348 2086 472 2128 καίτοι
501 2086 725 2137 βούλονταί
749 2103 797 2140 γε
829 2087 886 2142 (οἱ
912 2084 1200 2139 Πυθαγόρειοι)
1229 2087 1343 2126 τοῦτο
1373 2083 1511 2138 λέγειν
1543 2084 1607 2125 καὶ
1631 2083 1676 2125 τὸ

209 2154 503 2208 Ῥαδαμάνθυος
521 2156 684 2197 δίκαιον·
717 2156 813 2197 Εἵκε
832 2154 952 2196 πάθοι
971 2153 1020 2195 τά
1041 2152 1072 2195 κ’
1095 2153 1219 2207 ἔρεξε,
1232 2154 1316 2205 δίκη
1335 2151 1365 2194 κ’
1384 2154 1487 2194 ἰθεῖα
1507 2152 1677 2206 γένοιτο.

209 2225 365 2266 Noster
383 2224 533 2281 fragm.
554 2224 634 2266 inc.
653 2238 687 2266 1.
712 2223 918 2278 Δράσαντι
938 2223 1014 2277 γάρ
1034 2240 1094 2265 τοι
1111 2223 1173 2264 καὶ
1192 2225 1336 2264 παθεῖν
1356 2223 1580 2275 ὀφείλεται,
1597 2220 1676 2269 vel,

210 2302 257 2336 ut
279 2293 455 2336 Grotius
473 2292 514 2334 in
537 2291 775 2349 ExcerptiS‚
794 2294 861 2349 Τῷ
888 2292 965 2346 γάρ
986 2309 1022 2333 τι
1042 2295 1180 2346 δρῶντι
1201 2291 1264 2333 καὶ
1291 2293 1435 2332 παθεῖν
1455 2291 1676 2343 ὀφείλεται,

209 2361 277 2404 vel
305 2361 486 2418 denique
516 2370 563 2403 ut
593 2360 720 2403 schol.
743 2360 917 2402 Pindar.
940 2361 1063 2402 Nem.
1084 2374 1127 2414 4,
1146 2370 1217 2415 51.
1247 2359 1333 2401 Τὸν
1357 2358 1508 2412 δρῶντά
1537 2358 1613 2399 πού
1642 2375 1680 2400 τι

214 2430 278 2472 καὶ
305 2433 449 2472 παθεῖν
474 2431 692 2484 ὀφείλεται.
755 2429 927 2471 Pindari
950 2429 1077 2471 verba
1107 2436 1218 2479 sunt,
1240 2427 1326 2469 ἐπεὶ
1354 2425 1520 2480 ῥέζοντά
1548 2443 1585 2468 τι
1616 2426 1679 2468 καὶ

213 2501 357 2540 παθεῖν
387 2498 527 2547 ἔοικεν,
556 2498 669 2540 unde
697 2497 913 2554 interpres,
936 2498 1172 2539 memoriter
1200 2496 1345 2546 citans,
1368 2493 1564 2552 AEsohyli
1587 2508 1678 2535 ver-

215 2581 305 2608 sum
336 2565 555 2622 paululum
585 2565 782 2622 corrupit.
813 2567 969 2622 Agam.
989 2578 1112 2621 1540.
1142 2566 1293 2617 Μίμνει
1322 2564 1365 2605 δὲ
1393 2563 1605 2616 μίμνοντος
1636 2563 1680 2603 ἐν

213 2635 344 2689 χρόνῳ
367 2634 513 2690 (θρόνῳ
533 2633 777 2687 Elmsleius)
800 2635 912 2686 Διός,
938 2634 946 2691 Ι
971 2637 1114 2676 παθεῖν
1137 2633 1204 2674 τὸν
1233 2631 1411 2686 ἔρξαντα.
1444 2631 1558 2671 Pers.
1582 2629 1677 2670 818.

212 2704 368 2757 Τοίγαρ
399 2706 524 2746 κακῶς
553 2702 780 2756 δράσαντες,
809 2703 878 2743 οὐκ
909 2701 1117 2743 ἐλάσσονα
1139 2699 1367 2753 Πάσχουσι.
1391 2696 1586 2754 Sophocl.
1608 2695 1678 2738 El.

218 2775 343 2816 1026.
366 2771 484 2815 Εἰκὸς
514 2772 590 2824 γὰρ
620 2771 878 2824 ἐγχειροῦντα
906 2770 970 2811 καὶ
989 2768 1187 2822 πράσσειν
1208 2771 1345 2815 κακῶς,
1368 2765 1441 2807 ubi
1462 2763 1680 2807 scholiasta

213 2839 312 2882 citat
347 2837 519 2880 Pindari
552 2836 704 2879 locum.
768 2837 966 2878 Ceterum
999 2835 1135 2878 nescio
1169 2851 1221 2877 an
1253 2843 1424 2892 praestet
1462 2832 1678 2887 δράσαντα.

217 2907 449 2950 BLOMF.

908 2985 932 3027 3
956 2986 991 3013 M
