<?xml version="1.0" encoding="UTF-8"?>
<!DOCTYPE html PUBLIC "-//W3C//DTD XHTML 1.0 Transitional//EN"
    "http://www.w3.org/TR/xhtml1/DTD/xhtml1-transitional.dtd">
<html xmlns="http://www.w3.org/1999/xhtml" xml:lang="en" lang="en">
 <head>
  <title>
</title>
<meta http-equiv="Content-Type" content="text/html;charset=utf-8" />
  <meta name='ocr-system' content='tesseract 3.04.00' />
  <meta name='ocr-capabilities' content='ocr_page ocr_carea ocr_par ocr_line ocrx_word'/>
</head>
<body>
  <div class='ocr_page' id='page_1' title='image "./p2tragoediaesupe02aescuoft_0203.png"; bbox 0 0 1962 3224; ppageno 0'>
   <div class='ocr_carea' id='block_1_1' title="bbox 591 183 1588 229">
    <p class='ocr_par' dir='ltr' id='par_1_1' title="bbox 591 183 1588 229">
     <span class='ocr_line' id='line_1_1' title="bbox 591 183 1588 229; baseline 0 -2"><span class='ocrx_word' id='word_1_1' title='bbox 591 185 683 227; x_wconf 90' lang='lat' dir='ltr'><strong>AD</strong></span> <span class='ocrx_word' id='word_1_2' title='bbox 713 183 1110 226; x_wconf 88' lang='lat' dir='ltr'><strong>EUMENIDES.</strong></span> <span class='ocrx_word' id='word_1_3' title='bbox 1501 183 1588 229; x_wconf 87' lang='grc'><strong>519</strong></span> 
     </span>
    </p>
   </div>
   <div class='ocr_carea' id='block_1_2' title="bbox 117 296 1590 942">
    <p class='ocr_par' dir='ltr' id='par_1_2' title="bbox 117 296 1590 698">
     <span class='ocr_line' id='line_1_2' title="bbox 173 296 1589 357; baseline -0.005 -14"><span class='ocrx_word' id='word_1_4' title='bbox 173 312 216 354; x_wconf 90' lang='lat'><strong>4.</strong></span> <span class='ocrx_word' id='word_1_5' title='bbox 246 300 360 357; x_wconf 77' lang='grc' dir='ltr'>τρίτῳ</span> <span class='ocrx_word' id='word_1_6' title='bbox 387 298 526 354; x_wconf 81' lang='grc' dir='ltr'>λάχει]</span> <span class='ocrx_word' id='word_1_7' title='bbox 562 298 755 340; x_wconf 78' lang='lat' dir='ltr'><strong><em>Tertiam</em></strong></span> <span class='ocrx_word' id='word_1_8' title='bbox 783 303 925 340; x_wconf 80' lang='lat' dir='ltr'><strong>autem</strong></span> <span class='ocrx_word' id='word_1_9' title='bbox 953 297 1082 338; x_wconf 77' lang='lat' dir='ltr'><strong>vicem</strong></span> <span class='ocrx_word' id='word_1_10' title='bbox 1110 296 1307 347; x_wconf 73' lang='lat' dir='ltr'><strong><em>obtinuit,</em></strong></span> <span class='ocrx_word' id='word_1_11' title='bbox 1327 296 1402 337; x_wconf 82' lang='lat' dir='ltr'><strong>illa</strong></span> <span class='ocrx_word' id='word_1_12' title='bbox 1422 296 1589 352; x_wconf 81' lang='lat' dir='ltr'><strong>quide-m</strong></span> 
     </span>
     <span class='ocr_line' id='line_1_3' title="bbox 118 364 1589 424; baseline -0.004 -13"><span class='ocrx_word' id='word_1_13' title='bbox 118 368 286 420; x_wconf 78' lang='lat' dir='ltr'><strong>volente,</strong></span> <span class='ocrx_word' id='word_1_14' title='bbox 308 367 425 410; x_wconf 74' lang='lat' dir='ltr'><strong>haud</strong></span> <span class='ocrx_word' id='word_1_15' title='bbox 443 368 504 419; x_wconf 83' lang='lat' dir='ltr'><strong>vi,</strong></span> <span class='ocrx_word' id='word_1_16' title='bbox 526 375 575 409; x_wconf 90' lang='lat' dir='ltr'><strong>ut</strong></span> <span class='ocrx_word' id='word_1_17' title='bbox 594 366 766 424; x_wconf 85' lang='lat' dir='ltr'><strong>quidam</strong></span> <span class='ocrx_word' id='word_1_18' title='bbox 787 365 1026 424; x_wconf 89' lang='lat' dir='ltr'><strong>perhibent,</strong></span> <span class='ocrx_word' id='word_1_19' title='bbox 1042 373 1198 406; x_wconf 82' lang='lat' dir='ltr'><strong>coacta.</strong></span> <span class='ocrx_word' id='word_1_20' title='bbox 1228 365 1395 421; x_wconf 88' lang='lat' dir='ltr'>Nempe</span> <span class='ocrx_word' id='word_1_21' title='bbox 1415 364 1589 421; x_wconf 90' lang='lat' dir='ltr'><strong>“Apol-</strong></span> 
     </span>
     <span class='ocr_line' id='line_1_4' title="bbox 117 433 1590 493; baseline -0.003 -15"><span class='ocrx_word' id='word_1_22' title='bbox 117 435 240 478; x_wconf 88' lang='lat' dir='ltr'><strong>linem</strong></span> <span class='ocrx_word' id='word_1_23' title='bbox 271 435 312 477; x_wconf 90' lang='lat' dir='ltr'><strong>vi</strong></span> <span class='ocrx_word' id='word_1_24' title='bbox 342 435 596 493; x_wconf 86' lang='lat' dir='ltr'><strong>Delphicum</strong></span> <span class='ocrx_word' id='word_1_25' title='bbox 627 434 856 478; x_wconf 83' lang='lat' dir='ltr'><strong>Graculum</strong></span> <span class='ocrx_word' id='word_1_26' title='bbox 893 449 1116 492; x_wconf 88' lang='lat' dir='ltr'><strong>occupasse</strong></span> <span class='ocrx_word' id='word_1_27' title='bbox 1151 449 1202 475; x_wconf 86' lang='lat' dir='ltr'><strong>ex</strong></span> <span class='ocrx_word' id='word_1_28' title='bbox 1245 433 1432 476; x_wconf 84' lang='lat' dir='ltr'>Pindaro</span> <span class='ocrx_word' id='word_1_29' title='bbox 1463 433 1590 475; x_wconf 80' lang='lat' dir='ltr'><strong>refert</strong></span> 
     </span>
     <span class='ocr_line' id='line_1_5' title="bbox 118 502 1588 561; baseline -0.002 -15"><span class='ocrx_word' id='word_1_30' title='bbox 118 503 366 555; x_wconf 83' lang='lat' dir='ltr'><strong>scholiastes,</strong></span> <span class='ocrx_word' id='word_1_31' title='bbox 389 503 565 561; x_wconf 86' lang='lat' dir='ltr'><strong>expulsa</strong></span> <span class='ocrx_word' id='word_1_32' title='bbox 594 503 746 546; x_wconf 88' lang='lat' dir='ltr'><strong>scilicet</strong></span> <span class='ocrx_word' id='word_1_33' title='bbox 774 503 1009 551; x_wconf 83' lang='lat' dir='ltr'><strong>Themide;</strong></span> <span class='ocrx_word' id='word_1_34' title='bbox 1046 502 1225 559; x_wconf 89' lang='lat' dir='ltr'><strong>ideoque</strong></span> <span class='ocrx_word' id='word_1_35' title='bbox 1253 503 1447 552; x_wconf 80' lang='lat' dir='ltr'><strong>Terram,</strong></span> <span class='ocrx_word' id='word_1_36' title='bbox 1470 502 1588 544; x_wconf 90' lang='lat' dir='ltr'><strong>The-</strong></span> 
     </span>
     <span class='ocr_line' id='line_1_6' title="bbox 119 570 1589 629; baseline -0.001 -16"><span class='ocrx_word' id='word_1_37' title='bbox 119 571 240 613; x_wconf 90' lang='lat' dir='ltr'><strong>midis</strong></span> <span class='ocrx_word' id='word_1_38' title='bbox 268 581 456 623; x_wconf 88' lang='lat' dir='ltr'><strong>matrem,</strong></span> <span class='ocrx_word' id='word_1_39' title='bbox 478 572 730 629; x_wconf 79' lang='lat' dir='ltr'>quaesivisse,</span> <span class='ocrx_word' id='word_1_40' title='bbox 758 582 807 614; x_wconf 91' lang='lat' dir='ltr'><strong>ut</strong></span> <span class='ocrx_word' id='word_1_41' title='bbox 836 571 878 613; x_wconf 88' lang='lat' dir='ltr'><strong>in</strong></span> <span class='ocrx_word' id='word_1_42' title='bbox 911 572 1142 613; x_wconf 83' lang='lat' dir='ltr'><strong>Tartarum</strong></span> <span class='ocrx_word' id='word_1_43' title='bbox 1175 585 1264 612; x_wconf 86' lang='lat' dir='ltr'><strong>eam</strong></span> <span class='ocrx_word' id='word_1_44' title='bbox 1296 570 1589 628; x_wconf 72' lang='lat' dir='ltr'><strong>praecipitaret.</strong></span> 
     </span>
     <span class='ocr_line' id='line_1_7' title="bbox 121 639 1395 698; baseline 0 -17"><span class='ocrx_word' id='word_1_45' title='bbox 121 639 238 682; x_wconf 88' lang='lat' dir='ltr'>Idem</span> <span class='ocrx_word' id='word_1_46' title='bbox 258 640 358 682; x_wconf 88' lang='lat' dir='ltr'><strong>dicit</strong></span> <span class='ocrx_word' id='word_1_47' title='bbox 377 650 419 682; x_wconf 92' lang='lat' dir='ltr'><strong>et</strong></span> <span class='ocrx_word' id='word_1_48' title='bbox 439 640 667 698; x_wconf 86' lang='lat' dir='ltr'><strong>Euripides</strong></span> <span class='ocrx_word' id='word_1_49' title='bbox 683 640 724 682; x_wconf 92' lang='lat' dir='ltr'><strong>in</strong></span> <span class='ocrx_word' id='word_1_50' title='bbox 748 639 971 698; x_wconf 85' lang='lat' dir='ltr'>Iphigenia</span> <span class='ocrx_word' id='word_1_51' title='bbox 992 639 1180 682; x_wconf 85' lang='lat' dir='ltr'><strong>Taurica</strong></span> <span class='ocrx_word' id='word_1_52' title='bbox 1199 655 1240 682; x_wconf 90' lang='lat' dir='ltr'><strong>v.</strong></span> <span class='ocrx_word' id='word_1_53' title='bbox 1260 650 1395 696; x_wconf 85' lang='lat'>1259:</span> 
     </span>
    </p>

    <p class='ocr_par' dir='ltr' id='par_1_3' title="bbox 121 706 1186 942">
     <span class='ocr_line' id='line_1_8' title="bbox 352 706 1186 761; baseline 0 -11"><span class='ocrx_word' id='word_1_54' title='bbox 352 707 482 761; x_wconf 84' lang='grc' dir='ltr'>Θέμιν</span> <span class='ocrx_word' id='word_1_55' title='bbox 502 707 534 750; x_wconf 71' lang='grc' dir='ltr'><strong>δ’</strong></span> <span class='ocrx_word' id='word_1_56' title='bbox 557 710 622 750; x_wconf 80' lang='grc' dir='ltr'><strong>ἐπὶ</strong></span> <span class='ocrx_word' id='word_1_57' title='bbox 642 712 720 752; x_wconf 70' lang='lat' dir='ltr'><strong>ras</strong></span> <span class='ocrx_word' id='word_1_58' title='bbox 741 709 810 750; x_wconf 77' lang='grc' dir='ltr'><strong>ἰὼν</strong></span> <span class='ocrx_word' id='word_1_59' title='bbox 829 706 934 751; x_wconf 83' lang='grc' dir='ltr'>παῖδ’</span> <span class='ocrx_word' id='word_1_60' title='bbox 956 707 1186 750; x_wconf 84' lang='grc' dir='ltr'>ἇπενάσατο</span> 
     </span>
     <span class='ocr_line' id='line_1_9' title="bbox 350 775 884 832; baseline -0.002 -14"><span class='ocrx_word' id='word_1_61' title='bbox 350 776 428 818; x_wconf 79' lang='grc' dir='ltr'><strong>ἀπὸ</strong></span> <span class='ocrx_word' id='word_1_62' title='bbox 451 775 600 827; x_wconf 81' lang='grc' dir='ltr'>ζαθέων</span> <span class='ocrx_word' id='word_1_63' title='bbox 619 777 884 832; x_wconf 79' lang='grc' dir='ltr'>χρηστηρίων.</span> 
     </span>
     <span class='ocr_line' id='line_1_10' title="bbox 121 845 545 900; baseline 0 -15"><span class='ocrx_word' id='word_1_64' title='bbox 121 852 164 885; x_wconf 93' lang='lat' dir='ltr'><strong>et</strong></span> <span class='ocrx_word' id='word_1_65' title='bbox 181 852 325 900; x_wconf 88' lang='lat' dir='ltr'><strong>postea</strong></span> <span class='ocrx_word' id='word_1_66' title='bbox 344 859 383 886; x_wconf 89' lang='lat' dir='ltr'><strong>v.</strong></span> <span class='ocrx_word' id='word_1_67' title='bbox 405 845 511 898; x_wconf 88' lang='lat'>1267</span> <span class='ocrx_word' id='word_1_68' title='bbox 535 860 545 885; x_wconf 74' lang='grc' dir='ltr'>ε</span> 
     </span>
     <span class='ocr_line' id='line_1_11' title="bbox 582 902 824 942; baseline 0 0"><span class='ocrx_word' id='word_1_69' title='bbox 582 924 638 934; x_wconf 89' lang='lat'><strong>-·</strong></span> <span class='ocrx_word' id='word_1_70' title='bbox 660 904 761 942; x_wconf 86' lang='grc' dir='ltr'>Γαῖα</span> <span class='ocrx_word' id='word_1_71' title='bbox 781 902 824 942; x_wconf 81' lang='grc' dir='ltr'><strong>δὲ</strong></span> 
     </span>
    </p>
   </div>
   <div class='ocr_carea' id='block_1_3' title="bbox 124 969 1592 1294">
    <p class='ocr_par' dir='ltr' id='par_1_4' title="bbox 357 969 908 1023">
     <span class='ocr_line' id='line_1_12' title="bbox 357 969 908 1023; baseline -0.002 -11"><span class='ocrx_word' id='word_1_72' title='bbox 357 973 562 1012; x_wconf 87' lang='grc' dir='ltr'>Μαντεῖον</span> <span class='ocrx_word' id='word_1_73' title='bbox 581 969 772 1023; x_wconf 81' lang='grc' dir='ltr'>ἀφείλετο</span> <span class='ocrx_word' id='word_1_74' title='bbox 794 971 908 1022; x_wconf 78' lang='grc' dir='ltr'>τιμὰν</span> 
     </span>
    </p>

    <p class='ocr_par' dir='ltr' id='par_1_5' title="bbox 124 1036 1592 1294">
     <span class='ocr_line' id='line_1_13' title="bbox 354 1036 1152 1093; baseline -0.004 -13"><span class='ocrx_word' id='word_1_75' title='bbox 354 1042 512 1091; x_wconf 81' lang='grc' dir='ltr'>Φοῖβον</span> <span class='ocrx_word' id='word_1_76' title='bbox 532 1038 668 1093; x_wconf 81' lang='grc' dir='ltr'>φθόνῳ</span> <span class='ocrx_word' id='word_1_77' title='bbox 691 1036 923 1091; x_wconf 81' lang='grc' dir='ltr'>θυγατρός.”</span> <span class='ocrx_word' id='word_1_78' title='bbox 983 1037 1152 1078; x_wconf 69' lang='grc' dir='ltr'><strong>ΞΈΑΝι.</strong></span> 
     </span>
     <span class='ocr_line' id='line_1_14' title="bbox 126 1114 1592 1172; baseline 0.003 -17"><span class='ocrx_word' id='word_1_79' title='bbox 126 1114 285 1156; x_wconf 87' lang='lat' dir='ltr'><strong>Utrum</strong></span> <span class='ocrx_word' id='word_1_80' title='bbox 305 1130 403 1157; x_wconf 87' lang='lat' dir='ltr'><strong>vero</strong></span> <span class='ocrx_word' id='word_1_81' title='bbox 431 1114 668 1172; x_wconf 82' lang='lat' dir='ltr'><strong>AEschylus,</strong></span> <span class='ocrx_word' id='word_1_82' title='bbox 690 1114 806 1172; x_wconf 90' lang='lat' dir='ltr'><strong>quod</strong></span> <span class='ocrx_word' id='word_1_83' title='bbox 825 1114 892 1157; x_wconf 89' lang='lat' dir='ltr'><strong>hic</strong></span> <span class='ocrx_word' id='word_1_84' title='bbox 912 1114 966 1157; x_wconf 89' lang='lat' dir='ltr'><strong>de</strong></span> <span class='ocrx_word' id='word_1_85' title='bbox 982 1114 1145 1156; x_wconf 92' lang='lat' dir='ltr'><strong>Phoebe</strong></span> <span class='ocrx_word' id='word_1_86' title='bbox 1165 1123 1319 1167; x_wconf 82' lang='lat' dir='ltr'><strong>narrat,</strong></span> <span class='ocrx_word' id='word_1_87' title='bbox 1335 1115 1592 1169; x_wconf 86' lang='lat' dir='ltr'><strong>confinxerit,</strong></span> 
     </span>
     <span class='ocr_line' id='line_1_15' title="bbox 124 1182 1592 1241; baseline 0.002 -17"><span class='ocrx_word' id='word_1_88' title='bbox 124 1197 178 1225; x_wconf 84' lang='lat' dir='ltr'><strong>an</strong></span> <span class='ocrx_word' id='word_1_89' title='bbox 211 1183 326 1240; x_wconf 86' lang='lat' dir='ltr'><strong>apud</strong></span> <span class='ocrx_word' id='word_1_90' title='bbox 360 1182 563 1241; x_wconf 82' lang='lat' dir='ltr'><strong>Cyclicos,</strong></span> <span class='ocrx_word' id='word_1_91' title='bbox 597 1198 703 1240; x_wconf 93' lang='lat' dir='ltr'><strong>quos</strong></span> <span class='ocrx_word' id='word_1_92' title='bbox 737 1191 904 1225; x_wconf 90' lang='lat' dir='ltr'><strong>secutus</strong></span> <span class='ocrx_word' id='word_1_93' title='bbox 935 1192 1009 1235; x_wconf 86' lang='lat' dir='ltr'><strong>est,</strong></span> <span class='ocrx_word' id='word_1_94' title='bbox 1041 1183 1255 1236; x_wconf 87' lang='lat' dir='ltr'><strong>invenerit,</strong></span> <span class='ocrx_word' id='word_1_95' title='bbox 1285 1184 1481 1241; x_wconf 85' lang='lat' dir='ltr'><strong>equidem</strong></span> <span class='ocrx_word' id='word_1_96' title='bbox 1516 1185 1592 1227; x_wconf 91' lang='lat' dir='ltr'><strong>de-</strong></span> 
     </span>
     <span class='ocr_line' id='line_1_16' title="bbox 124 1250 727 1294; baseline 0 -2"><span class='ocrx_word' id='word_1_97' title='bbox 124 1265 290 1293; x_wconf 89' lang='lat' dir='ltr'><strong>cernere</strong></span> <span class='ocrx_word' id='word_1_98' title='bbox 310 1266 393 1293; x_wconf 91' lang='lat' dir='ltr'><strong>non</strong></span> <span class='ocrx_word' id='word_1_99' title='bbox 412 1250 558 1293; x_wconf 83' lang='lat' dir='ltr'><strong>ausim.</strong></span> <span class='ocrx_word' id='word_1_100' title='bbox 593 1252 727 1294; x_wconf 91' lang='lat' dir='ltr'><strong>SCH.</strong></span> 
     </span>
    </p>
   </div>
   <div class='ocr_carea' id='block_1_4' title="bbox 183 1317 799 1375">
    <p class='ocr_par' dir='ltr' id='par_1_6' title="bbox 183 1317 799 1375">
     <span class='ocr_line' id='line_1_17' title="bbox 183 1317 799 1375; baseline 0.002 -15"><span class='ocrx_word' id='word_1_101' title='bbox 183 1319 223 1360; x_wconf 91' lang='lat'><strong>6.</strong></span> <span class='ocrx_word' id='word_1_102' title='bbox 245 1317 444 1375; x_wconf 80' lang='grc' dir='ltr'>καθέζετο]</span> <span class='ocrx_word' id='word_1_103' title='bbox 466 1319 668 1371; x_wconf 80' lang='grc' dir='ltr'>καθέζεται</span> <span class='ocrx_word' id='word_1_104' title='bbox 688 1319 799 1361; x_wconf 86' lang='lat' dir='ltr'><strong>Rob.</strong></span> 
     </span>
    </p>
   </div>
   <div class='ocr_carea' id='block_1_5' title="bbox 125 1387 1602 3014">
    <p class='ocr_par' dir='ltr' id='par_1_7' title="bbox 125 1387 1596 1650">
     <span class='ocr_line' id='line_1_18' title="bbox 185 1387 1596 1444; baseline 0.001 -15"><span class='ocrx_word' id='word_1_105' title='bbox 185 1400 222 1441; x_wconf 80' lang='lat'><strong>7.</strong></span> <span class='ocrx_word' id='word_1_106' title='bbox 253 1388 400 1444; x_wconf 86' lang='grc' dir='ltr'>Φοίβη]</span> <span class='ocrx_word' id='word_1_107' title='bbox 423 1389 559 1440; x_wconf 85' lang='lat' dir='ltr'><strong>Quam</strong></span> <span class='ocrx_word' id='word_1_108' title='bbox 578 1388 736 1430; x_wconf 86' lang='lat' dir='ltr'><strong>faciunt</strong></span> <span class='ocrx_word' id='word_1_109' title='bbox 766 1387 955 1430; x_wconf 90' lang='lat' dir='ltr'><strong>nonnulli</strong></span> <span class='ocrx_word' id='word_1_110' title='bbox 976 1388 1153 1430; x_wconf 85' lang='lat' dir='ltr'><strong>Latonae</strong></span> <span class='ocrx_word' id='word_1_111' title='bbox 1178 1398 1352 1430; x_wconf 86' lang='lat' dir='ltr'><strong>matrem</strong></span> <span class='ocrx_word' id='word_1_112' title='bbox 1382 1396 1485 1431; x_wconf 90' lang='lat' dir='ltr'><strong>teste</strong></span> <span class='ocrx_word' id='word_1_113' title='bbox 1505 1389 1596 1431; x_wconf 93' lang='lat' dir='ltr'><strong>He-</strong></span> 
     </span>
     <span class='ocr_line' id='line_1_19' title="bbox 125 1455 1595 1515; baseline 0.002 -18"><span class='ocrx_word' id='word_1_114' title='bbox 125 1455 277 1498; x_wconf 89' lang='lat' dir='ltr'><strong>raclide</strong></span> <span class='ocrx_word' id='word_1_115' title='bbox 305 1471 349 1513; x_wconf 87' lang='lat' dir='ltr'><strong>p.</strong></span> <span class='ocrx_word' id='word_1_116' title='bbox 374 1459 473 1510; x_wconf 89' lang='lat'>416.</span> <span class='ocrx_word' id='word_1_117' title='bbox 500 1457 566 1499; x_wconf 88' lang='lat' dir='ltr'><strong>ed.</strong></span> <span class='ocrx_word' id='word_1_118' title='bbox 595 1458 718 1499; x_wconf 84' lang='lat' dir='ltr'><strong>Gal.:</strong></span> <span class='ocrx_word' id='word_1_119' title='bbox 767 1457 876 1499; x_wconf 89' lang='lat' dir='ltr'><strong>inter</strong></span> <span class='ocrx_word' id='word_1_120' title='bbox 904 1473 1011 1514; x_wconf 89' lang='lat' dir='ltr'><strong>quos</strong></span> <span class='ocrx_word' id='word_1_121' title='bbox 1040 1472 1189 1499; x_wconf 90' lang='lat' dir='ltr'><strong>nomen</strong></span> <span class='ocrx_word' id='word_1_122' title='bbox 1220 1473 1342 1499; x_wconf 93' lang='lat' dir='ltr'><strong>suum</strong></span> <span class='ocrx_word' id='word_1_123' title='bbox 1374 1458 1595 1515; x_wconf 87' lang='lat' dir='ltr'><strong>profitetur</strong></span> 
     </span>
     <span class='ocr_line' id='line_1_20' title="bbox 128 1524 1596 1582; baseline 0.001 -16"><span class='ocrx_word' id='word_1_124' title='bbox 128 1524 341 1566; x_wconf 88' lang='lat' dir='ltr'><strong>Hesiodus</strong></span> <span class='ocrx_word' id='word_1_125' title='bbox 382 1524 545 1581; x_wconf 88' lang='lat' dir='ltr'><strong>Theog.</strong></span> <span class='ocrx_word' id='word_1_126' title='bbox 581 1536 680 1580; x_wconf 90' lang='lat'><strong>407.</strong></span> <span class='ocrx_word' id='word_1_127' title='bbox 718 1525 792 1582; x_wconf 89' lang='lat' dir='ltr'><strong>qui</strong></span> <span class='ocrx_word' id='word_1_128' title='bbox 831 1525 933 1568; x_wconf 86' lang='lat' dir='ltr'><strong>ibid.</strong></span> <span class='ocrx_word' id='word_1_129' title='bbox 978 1541 1016 1567; x_wconf 90' lang='lat' dir='ltr'><strong>v.</strong></span> <span class='ocrx_word' id='word_1_130' title='bbox 1051 1527 1144 1582; x_wconf 83' lang='lat'><strong>136.</strong></span> <span class='ocrx_word' id='word_1_131' title='bbox 1186 1525 1288 1568; x_wconf 90' lang='lat' dir='ltr'><strong>dicit</strong></span> <span class='ocrx_word' id='word_1_132' title='bbox 1330 1526 1514 1568; x_wconf 87' lang='lat' dir='ltr'><strong>Themin</strong></span> <span class='ocrx_word' id='word_1_133' title='bbox 1554 1535 1596 1568; x_wconf 89' lang='lat' dir='ltr'><strong>et</strong></span> 
     </span>
     <span class='ocr_line' id='line_1_21' title="bbox 128 1591 1401 1650; baseline 0.002 -16"><span class='ocrx_word' id='word_1_134' title='bbox 128 1591 316 1634; x_wconf 82' lang='lat' dir='ltr'><strong>Phoeben</strong></span> <span class='ocrx_word' id='word_1_135' title='bbox 339 1608 497 1635; x_wconf 87' lang='lat' dir='ltr'><strong>sorores</strong></span> <span class='ocrx_word' id='word_1_136' title='bbox 516 1608 617 1645; x_wconf 87' lang='lat' dir='ltr'><strong>esse,</strong></span> <span class='ocrx_word' id='word_1_137' title='bbox 640 1593 748 1635; x_wconf 85' lang='lat' dir='ltr'><strong>Coeli</strong></span> <span class='ocrx_word' id='word_1_138' title='bbox 770 1602 975 1650; x_wconf 88' lang='lat' dir='ltr'><strong>terraeque</strong></span> <span class='ocrx_word' id='word_1_139' title='bbox 995 1593 1114 1647; x_wconf 85' lang='lat' dir='ltr'><strong>filias.</strong></span> <span class='ocrx_word' id='word_1_140' title='bbox 1148 1595 1401 1636; x_wconf 86' lang='lat' dir='ltr'><strong>WAKEF.</strong></span> 
     </span>
    </p>

    <p class='ocr_par' dir='ltr' id='par_1_8' title="bbox 185 1661 904 1718">
     <span class='ocr_line' id='line_1_22' title="bbox 185 1661 904 1718; baseline 0 -15"><span class='ocrx_word' id='word_1_141' title='bbox 185 1661 336 1716; x_wconf 85' lang='grc' dir='ltr'>δίδωσι]</span> <span class='ocrx_word' id='word_1_142' title='bbox 359 1662 519 1703; x_wconf 86' lang='grc' dir='ltr'>δίδωσιν</span> <span class='ocrx_word' id='word_1_143' title='bbox 542 1662 608 1702; x_wconf 92' lang='grc' dir='ltr'><strong>Μ.</strong></span> <span class='ocrx_word' id='word_1_144' title='bbox 630 1661 733 1703; x_wconf 90' lang='lat' dir='ltr'><strong>Ald.</strong></span> <span class='ocrx_word' id='word_1_145' title='bbox 758 1662 904 1718; x_wconf 88' lang='lat' dir='ltr'><strong>Steph.</strong></span> 
     </span>
    </p>

    <p class='ocr_par' dir='ltr' id='par_1_9' title="bbox 128 1729 1602 2596">
     <span class='ocr_line' id='line_1_23' title="bbox 184 1729 1598 1789; baseline 0.003 -18"><span class='ocrx_word' id='word_1_146' title='bbox 184 1729 393 1783; x_wconf 82' lang='grc' dir='ltr'>γενέθλιον</span> <span class='ocrx_word' id='word_1_147' title='bbox 423 1730 552 1786; x_wconf 88' lang='grc' dir='ltr'>δόσιν]</span> <span class='ocrx_word' id='word_1_148' title='bbox 585 1731 750 1771; x_wconf 91' lang='lat' dir='ltr'><strong>Munus</strong></span> <span class='ocrx_word' id='word_1_149' title='bbox 770 1729 838 1772; x_wconf 90' lang='lat' dir='ltr'><strong>die</strong></span> <span class='ocrx_word' id='word_1_150' title='bbox 868 1729 995 1772; x_wconf 85' lang='lat' dir='ltr'><strong>natali</strong></span> <span class='ocrx_word' id='word_1_151' title='bbox 1020 1730 1206 1781; x_wconf 89' lang='lat' dir='ltr'><strong>missum,</strong></span> <span class='ocrx_word' id='word_1_152' title='bbox 1229 1746 1312 1773; x_wconf 92' lang='lat' dir='ltr'><strong>non</strong></span> <span class='ocrx_word' id='word_1_153' title='bbox 1343 1747 1392 1773; x_wconf 85' lang='lat' dir='ltr'><strong>eo</strong></span> <span class='ocrx_word' id='word_1_154' title='bbox 1416 1731 1484 1774; x_wconf 91' lang='lat' dir='ltr'><strong>die</strong></span> <span class='ocrx_word' id='word_1_155' title='bbox 1510 1747 1598 1789; x_wconf 91' lang='lat' dir='ltr'><strong>quo</strong></span> 
     </span>
     <span class='ocr_line' id='line_1_24' title="bbox 128 1797 1598 1857; baseline 0.002 -18"><span class='ocrx_word' id='word_1_156' title='bbox 128 1806 252 1839; x_wconf 86' lang='lat' dir='ltr'><strong>natus</strong></span> <span class='ocrx_word' id='word_1_157' title='bbox 281 1806 357 1849; x_wconf 88' lang='lat' dir='ltr'><strong>est,</strong></span> <span class='ocrx_word' id='word_1_158' title='bbox 386 1797 458 1839; x_wconf 87' lang='lat' dir='ltr'><strong>sed</strong></span> <span class='ocrx_word' id='word_1_159' title='bbox 490 1813 577 1854; x_wconf 89' lang='lat' dir='ltr'><strong>quo</strong></span> <span class='ocrx_word' id='word_1_160' title='bbox 616 1812 766 1840; x_wconf 91' lang='lat' dir='ltr'><strong>nomen</strong></span> <span class='ocrx_word' id='word_1_161' title='bbox 803 1797 1058 1854; x_wconf 90' lang='lat' dir='ltr'><strong>impositum.</strong></span> <span class='ocrx_word' id='word_1_162' title='bbox 1120 1799 1190 1841; x_wconf 83' lang='lat' dir='ltr'><strong>Ita</strong></span> <span class='ocrx_word' id='word_1_163' title='bbox 1227 1799 1337 1842; x_wconf 87' lang='lat' dir='ltr'><strong>clare</strong></span> <span class='ocrx_word' id='word_1_164' title='bbox 1375 1800 1598 1857; x_wconf 85' lang='lat' dir='ltr'><strong>distinguit</strong></span> 
     </span>
     <span class='ocr_line' id='line_1_25' title="bbox 131 1865 1598 1922; baseline 0.002 -15"><span class='ocrx_word' id='word_1_165' title='bbox 131 1865 357 1907; x_wconf 86' lang='lat' dir='ltr'><strong>Terentius</strong></span> <span class='ocrx_word' id='word_1_166' title='bbox 384 1865 476 1907; x_wconf 85' lang='lat' dir='ltr'><strong>loco</strong></span> <span class='ocrx_word' id='word_1_167' title='bbox 505 1865 642 1907; x_wconf 71' lang='lat' dir='ltr'><strong>statim</strong></span> <span class='ocrx_word' id='word_1_168' title='bbox 672 1865 935 1922; x_wconf 79' lang='lat' dir='ltr'><strong>proferendo,</strong></span> <span class='ocrx_word' id='word_1_169' title='bbox 957 1866 1010 1907; x_wconf 84' lang='lat' dir='ltr'><strong>ad</strong></span> <span class='ocrx_word' id='word_1_170' title='bbox 1042 1882 1165 1921; x_wconf 90' lang='lat' dir='ltr'><strong>quem</strong></span> <span class='ocrx_word' id='word_1_171' title='bbox 1197 1866 1287 1909; x_wconf 89' lang='lat' dir='ltr'><strong>haec</strong></span> <span class='ocrx_word' id='word_1_172' title='bbox 1314 1878 1485 1910; x_wconf 84' lang='lat' dir='ltr'><strong>annotat</strong></span> <span class='ocrx_word' id='word_1_173' title='bbox 1505 1870 1598 1910; x_wconf 94' lang='lat' dir='ltr'><strong>Do-</strong></span> 
     </span>
     <span class='ocr_line' id='line_1_26' title="bbox 130 1932 1598 1992; baseline 0.003 -19"><span class='ocrx_word' id='word_1_174' title='bbox 130 1940 279 1974; x_wconf 79' lang='lat' dir='ltr'><strong>natus:</strong></span> <span class='ocrx_word' id='word_1_175' title='bbox 318 1932 511 1974; x_wconf 72' lang='lat' dir='ltr'><strong>Solebam</strong></span> <span class='ocrx_word' id='word_1_176' title='bbox 540 1933 650 1973; x_wconf 80' lang='lat' dir='ltr'><strong>enim</strong></span> <span class='ocrx_word' id='word_1_177' title='bbox 681 1933 849 1989; x_wconf 76' lang='lat' dir='ltr'><strong>antiqui</strong></span> <span class='ocrx_word' id='word_1_178' title='bbox 876 1940 1068 1975; x_wconf 82' lang='lat' dir='ltr'><strong>octavum</strong></span> <span class='ocrx_word' id='word_1_179' title='bbox 1107 1934 1215 1975; x_wconf 80' lang='lat' dir='ltr'><strong>diem</strong></span> <span class='ocrx_word' id='word_1_180' title='bbox 1251 1937 1379 1992; x_wconf 81' lang='lat' dir='ltr'><strong>pueri</strong></span> <span class='ocrx_word' id='word_1_181' title='bbox 1413 1937 1598 1978; x_wconf 78' lang='lat' dir='ltr'><strong>natalem</strong></span> 
     </span>
     <span class='ocr_line' id='line_1_27' title="bbox 131 2000 1598 2060; baseline 0.003 -18"><span class='ocrx_word' id='word_1_182' title='bbox 131 2001 393 2050; x_wconf 71' lang='lat' dir='ltr'><strong>constituere,</strong></span> <span class='ocrx_word' id='word_1_183' title='bbox 416 2005 455 2041; x_wconf 87' lang='lat' dir='ltr'><strong>et</strong></span> <span class='ocrx_word' id='word_1_184' title='bbox 472 2014 517 2042; x_wconf 88' lang='lat' dir='ltr'><strong>eo</strong></span> <span class='ocrx_word' id='word_1_185' title='bbox 537 2000 603 2041; x_wconf 84' lang='lat' dir='ltr'><strong>die</strong></span> <span class='ocrx_word' id='word_1_186' title='bbox 622 2000 812 2057; x_wconf 67' lang='lat' dir='ltr'><strong>singulis</strong></span> <span class='ocrx_word' id='word_1_187' title='bbox 838 2002 966 2043; x_wconf 74' lang='lat' dir='ltr'><strong>annis</strong></span> <span class='ocrx_word' id='word_1_188' title='bbox 994 2002 1136 2043; x_wconf 84' lang='lat' dir='ltr'><strong>laetum</strong></span> <span class='ocrx_word' id='word_1_189' title='bbox 1157 2004 1397 2045; x_wconf 79' lang='lat' dir='ltr'><strong>convivium</strong></span> <span class='ocrx_word' id='word_1_190' title='bbox 1423 2018 1598 2060; x_wconf 84' lang='lat' dir='ltr'><strong>parare,</strong></span> 
     </span>
     <span class='ocr_line' id='line_1_28' title="bbox 132 2067 1598 2129; baseline 0.004 -20"><span class='ocrx_word' id='word_1_191' title='bbox 132 2069 242 2110; x_wconf 73' lang='lat' dir='ltr'><strong>sicut</strong></span> <span class='ocrx_word' id='word_1_192' title='bbox 260 2067 405 2110; x_wconf 73' lang='lat' dir='ltr'><strong>Judaei</strong></span> <span class='ocrx_word' id='word_1_193' title='bbox 426 2070 472 2110; x_wconf 82' lang='lat' dir='ltr'><strong>in</strong></span> <span class='ocrx_word' id='word_1_194' title='bbox 491 2073 639 2109; x_wconf 81' lang='lat' dir='ltr'><strong><em>octava</em></strong></span> <span class='ocrx_word' id='word_1_195' title='bbox 658 2068 727 2109; x_wconf 86' lang='lat' dir='ltr'><strong>die</strong></span> <span class='ocrx_word' id='word_1_196' title='bbox 746 2068 1064 2120; x_wconf 75' lang='lat' dir='ltr'><strong>circumcidunt,</strong></span> <span class='ocrx_word' id='word_1_197' title='bbox 1086 2077 1128 2111; x_wconf 93' lang='lat' dir='ltr'><strong>et</strong></span> <span class='ocrx_word' id='word_1_198' title='bbox 1147 2069 1191 2111; x_wconf 92' lang='lat' dir='ltr'><strong>id</strong></span> <span class='ocrx_word' id='word_1_199' title='bbox 1215 2085 1296 2112; x_wconf 91' lang='lat' dir='ltr'><strong>non</strong></span> <span class='ocrx_word' id='word_1_200' title='bbox 1324 2071 1470 2114; x_wconf 85' lang='lat' dir='ltr'><strong>leviter</strong></span> <span class='ocrx_word' id='word_1_201' title='bbox 1498 2088 1598 2129; x_wconf 88' lang='lat' dir='ltr'><strong>pro—</strong></span> 
     </span>
     <span class='ocr_line' id='line_1_29' title="bbox 133 2134 1600 2199; baseline 0.004 -22"><span class='ocrx_word' id='word_1_202' title='bbox 133 2135 232 2177; x_wconf 88' lang='lat' dir='ltr'><strong>bant</strong></span> <span class='ocrx_word' id='word_1_203' title='bbox 254 2134 446 2192; x_wconf 86' lang='lat' dir='ltr'><strong>AEschyli</strong></span> <span class='ocrx_word' id='word_1_204' title='bbox 472 2135 612 2186; x_wconf 84' lang='lat' dir='ltr'><strong>verba,</strong></span> <span class='ocrx_word' id='word_1_205' title='bbox 636 2150 744 2192; x_wconf 84' lang='lat' dir='ltr'><strong>quae-</strong></span> <span class='ocrx_word' id='word_1_206' title='bbox 762 2135 951 2192; x_wconf 87' lang='lat' dir='ltr'><strong>proxime</strong></span> <span class='ocrx_word' id='word_1_207' title='bbox 981 2147 1227 2194; x_wconf 90' lang='lat' dir='ltr'><strong>sequuntur.</strong></span> <span class='ocrx_word' id='word_1_208' title='bbox 1290 2139 1359 2181; x_wconf 87' lang='lat' dir='ltr'><strong>Ita</strong></span> <span class='ocrx_word' id='word_1_209' title='bbox 1388 2149 1430 2181; x_wconf 90' lang='lat' dir='ltr'><strong>et</strong></span> <span class='ocrx_word' id='word_1_210' title='bbox 1459 2142 1600 2199; x_wconf 85' lang='lat' dir='ltr'><strong>Hesy-</strong></span> 
     </span>
     <span class='ocr_line' id='line_1_30' title="bbox 133 2202 1602 2262; baseline 0.005 -18"><span class='ocrx_word' id='word_1_211' title='bbox 133 2202 267 2254; x_wconf 89' lang='lat' dir='ltr'><strong>chius,</strong></span> <span class='ocrx_word' id='word_1_212' title='bbox 285 2202 558 2257; x_wconf 84' lang='grc' dir='ltr'>Ἀμφίδρομον</span> <span class='ocrx_word' id='word_1_213' title='bbox 579 2203 672 2245; x_wconf 83' lang='grc' dir='ltr'>θεὸν</span> <span class='ocrx_word' id='word_1_214' title='bbox 693 2203 887 2261; x_wconf 86' lang='lat' dir='ltr'><strong>AEschyli</strong></span> <span class='ocrx_word' id='word_1_215' title='bbox 913 2203 1093 2261; x_wconf 85' lang='lat' dir='ltr'><strong>explicat</strong></span> <span class='ocrx_word' id='word_1_216' title='bbox 1121 2220 1194 2262; x_wconf 89' lang='lat' dir='ltr'><strong>per</strong></span> <span class='ocrx_word' id='word_1_217' title='bbox 1221 2206 1602 2262; x_wconf 82' lang='grc' dir='ltr'>γενέθλιον.-Ἀμ-</span> 
     </span>
     <span class='ocr_line' id='line_1_31' title="bbox 134 2271 1602 2332; baseline 0.005 -20"><span class='ocrx_word' id='word_1_218' title='bbox 134 2271 335 2324; x_wconf 81' lang='grc' dir='ltr'>φίδρομος·</span> <span class='ocrx_word' id='word_1_219' title='bbox 366 2272 569 2326; x_wconf 83' lang='grc' dir='ltr'>Αἰσχύλος</span> <span class='ocrx_word' id='word_1_220' title='bbox 589 2271 746 2328; x_wconf 84' lang='grc' dir='ltr'>Σεμέλῃ</span> <span class='ocrx_word' id='word_1_221' title='bbox 767 2271 920 2314; x_wconf 85' lang='grc' dir='ltr'>ἔπλασε</span> <span class='ocrx_word' id='word_1_222' title='bbox 941 2273 1109 2325; x_wconf 89' lang='grc' dir='ltr'>δαίμονα</span> <span class='ocrx_word' id='word_1_223' title='bbox 1128 2273 1264 2316; x_wconf 84' lang='grc' dir='ltr'>καινὸν</span> <span class='ocrx_word' id='word_1_224' title='bbox 1279 2277 1368 2329; x_wconf 89' lang='grc' dir='ltr'>περὶ</span> <span class='ocrx_word' id='word_1_225' title='bbox 1388 2278 1438 2318; x_wconf 76' lang='grc' dir='ltr'><strong>τὰ</strong></span> <span class='ocrx_word' id='word_1_226' title='bbox 1456 2275 1602 2332; x_wconf 85' lang='grc' dir='ltr'>Ἀμφι-</span> 
     </span>
     <span class='ocr_line' id='line_1_32' title="bbox 135 2339 1602 2402; baseline 0.007 -23"><span class='ocrx_word' id='word_1_227' title='bbox 135 2339 287 2392; x_wconf 87' lang='grc' dir='ltr'>δρόμια,</span> <span class='ocrx_word' id='word_1_228' title='bbox 318 2340 370 2383; x_wconf 79' lang='grc' dir='ltr'><strong>ὡς</strong></span> <span class='ocrx_word' id='word_1_229' title='bbox 399 2342 435 2381; x_wconf 83' lang='grc' dir='ltr'><strong>εἰ</strong></span> <span class='ocrx_word' id='word_1_230' title='bbox 464 2340 605 2394; x_wconf 81' lang='grc' dir='ltr'>ἔλεγες</span> <span class='ocrx_word' id='word_1_231' title='bbox 633 2341 705 2392; x_wconf 85' lang='grc' dir='ltr'><strong>τὴν</strong></span> <span class='ocrx_word' id='word_1_232' title='bbox 733 2341 958 2395; x_wconf 85' lang='grc' dir='ltr'>γενέθλιον,</span> <span class='ocrx_word' id='word_1_233' title='bbox 989 2357 1084 2383; x_wconf 89' lang='lat' dir='ltr'><strong>cum</strong></span> <span class='ocrx_word' id='word_1_234' title='bbox 1117 2353 1254 2384; x_wconf 83' lang='lat' dir='ltr'><strong>tamen</strong></span> <span class='ocrx_word' id='word_1_235' title='bbox 1276 2345 1602 2402; x_wconf 83' lang='lat' dir='ltr'><strong>Amphidromia</strong></span> 
     </span>
     <span class='ocr_line' id='line_1_33' title="bbox 135 2406 1601 2464; baseline 0.007 -17"><span class='ocrx_word' id='word_1_236' title='bbox 135 2406 283 2462; x_wconf 85' lang='lat' dir='ltr'><strong>quinto</strong></span> <span class='ocrx_word' id='word_1_237' title='bbox 302 2417 396 2463; x_wconf 85' lang='lat' dir='ltr'><strong>post</strong></span> <span class='ocrx_word' id='word_1_238' title='bbox 419 2416 586 2464; x_wconf 86' lang='lat' dir='ltr'><strong>partum</strong></span> <span class='ocrx_word' id='word_1_239' title='bbox 614 2409 682 2450; x_wconf 91' lang='lat' dir='ltr'><strong>die</strong></span> <span class='ocrx_word' id='word_1_240' title='bbox 701 2409 919 2451; x_wconf 86' lang='lat' dir='ltr'><strong>observata</strong></span> <span class='ocrx_word' id='word_1_241' title='bbox 937 2410 1106 2453; x_wconf 89' lang='lat' dir='ltr'><strong>fuerint.</strong></span> <span class='ocrx_word' id='word_1_242' title='bbox 1166 2413 1333 2454; x_wconf 90' lang='lat' dir='ltr'><strong>Morem</strong></span> <span class='ocrx_word' id='word_1_243' title='bbox 1365 2413 1479 2456; x_wconf 87' lang='lat' dir='ltr'><strong>hunc</strong></span> <span class='ocrx_word' id='word_1_244' title='bbox 1509 2430 1601 2457; x_wconf 89' lang='lat' dir='ltr'><strong>mu-</strong></span> 
     </span>
     <span class='ocr_line' id='line_1_34' title="bbox 136 2472 1601 2525; baseline 0.008 -11"><span class='ocrx_word' id='word_1_245' title='bbox 136 2487 234 2514; x_wconf 90' lang='lat' dir='ltr'><strong>nera</strong></span> <span class='ocrx_word' id='word_1_246' title='bbox 253 2472 321 2515; x_wconf 91' lang='lat' dir='ltr'><strong>die</strong></span> <span class='ocrx_word' id='word_1_247' title='bbox 339 2473 508 2517; x_wconf 85' lang='lat' dir='ltr'><strong>lustrico</strong></span> <span class='ocrx_word' id='word_1_248' title='bbox 528 2476 719 2518; x_wconf 86' lang='lat' dir='ltr'><strong>mittendi</strong></span> <span class='ocrx_word' id='word_1_249' title='bbox 740 2493 822 2519; x_wconf 91' lang='lat' dir='ltr'><strong>non</strong></span> <span class='ocrx_word' id='word_1_250' title='bbox 843 2477 964 2520; x_wconf 86' lang='lat' dir='ltr'><strong>facile</strong></span> <span class='ocrx_word' id='word_1_251' title='bbox 983 2479 1244 2522; x_wconf 87' lang='lat' dir='ltr'><strong>observabis:</strong></span> <span class='ocrx_word' id='word_1_252' title='bbox 1279 2492 1480 2525; x_wconf 82' lang='lat' dir='ltr'><strong>memorat</strong></span> <span class='ocrx_word' id='word_1_253' title='bbox 1500 2498 1601 2525; x_wconf 86' lang='lat' dir='ltr'><strong>vero</strong></span> 
     </span>
     <span class='ocr_line' id='line_1_35' title="bbox 139 2540 709 2596; baseline 0.009 -15"><span class='ocrx_word' id='word_1_254' title='bbox 139 2540 312 2583; x_wconf 87' lang='lat' dir='ltr'><strong>Terent.</strong></span> <span class='ocrx_word' id='word_1_255' title='bbox 333 2541 504 2585; x_wconf 89' lang='lat' dir='ltr'><strong>Phorm.</strong></span> <span class='ocrx_word' id='word_1_256' title='bbox 526 2557 562 2592; x_wconf 93' lang='lat'><strong>1,</strong></span> <span class='ocrx_word' id='word_1_257' title='bbox 584 2557 624 2596; x_wconf 91' lang='lat'><strong>1,</strong></span> <span class='ocrx_word' id='word_1_258' title='bbox 645 2557 709 2588; x_wconf 83' lang='lat'><strong>12.</strong></span> 
     </span>
    </p>

    <p class='ocr_par' dir='ltr' id='par_1_10' title="bbox 139 2614 1602 3014">
     <span class='ocr_line' id='line_1_36' title="bbox 591 2614 1077 2669; baseline 0.002 -15"><span class='ocrx_word' id='word_1_259' title='bbox 591 2627 788 2669; x_wconf 85' lang='lat' dir='ltr'><strong>—porro</strong></span> <span class='ocrx_word' id='word_1_260' title='bbox 807 2621 944 2655; x_wconf 83' lang='lat' dir='ltr'><strong>autem</strong></span> <span class='ocrx_word' id='word_1_261' title='bbox 969 2614 1077 2655; x_wconf 86' lang='lat' dir='ltr'><strong>Geta</strong></span> 
     </span>
     <span class='ocr_line' id='line_1_37' title="bbox 366 2678 1329 2738; baseline 0.005 -20"><span class='ocrx_word' id='word_1_262' title='bbox 366 2678 566 2720; x_wconf 77' lang='lat' dir='ltr'><strong>Ferietur</strong></span> <span class='ocrx_word' id='word_1_263' title='bbox 584 2680 668 2721; x_wconf 84' lang='lat' dir='ltr'><strong>alio</strong></span> <span class='ocrx_word' id='word_1_264' title='bbox 687 2695 870 2731; x_wconf 76' lang='lat' dir='ltr'><strong>munere,</strong></span> <span class='ocrx_word' id='word_1_265' title='bbox 891 2682 965 2722; x_wconf 80' lang='lat' dir='ltr'><strong>ubi</strong></span> <span class='ocrx_word' id='word_1_266' title='bbox 985 2681 1088 2723; x_wconf 80' lang='lat' dir='ltr'><strong>hera</strong></span> <span class='ocrx_word' id='word_1_267' title='bbox 1105 2684 1329 2738; x_wconf 74' lang='lat' dir='ltr'><strong>pepererit.</strong></span> 
     </span>
     <span class='ocr_line' id='line_1_38' title="bbox 369 2745 1413 2805; baseline 0.006 -19"><span class='ocrx_word' id='word_1_268' title='bbox 369 2745 506 2787; x_wconf 86' lang='lat' dir='ltr'><strong>Porro</strong></span> <span class='ocrx_word' id='word_1_269' title='bbox 525 2747 612 2788; x_wconf 82' lang='lat' dir='ltr'><strong>alio</strong></span> <span class='ocrx_word' id='word_1_270' title='bbox 632 2753 784 2798; x_wconf 83' lang='lat' dir='ltr'><strong>autem,</strong></span> <span class='ocrx_word' id='word_1_271' title='bbox 804 2748 876 2789; x_wconf 81' lang='lat' dir='ltr'><strong>ubi</strong></span> <span class='ocrx_word' id='word_1_272' title='bbox 896 2749 979 2789; x_wconf 88' lang='lat' dir='ltr'><strong>erit</strong></span> <span class='ocrx_word' id='word_1_273' title='bbox 989 2762 1127 2805; x_wconf 79' lang='lat' dir='ltr'><strong>puero</strong></span> <span class='ocrx_word' id='word_1_274' title='bbox 1145 2750 1304 2792; x_wconf 72' lang='lat' dir='ltr'><strong>natalis</strong></span> <span class='ocrx_word' id='word_1_275' title='bbox 1324 2751 1413 2793; x_wconf 76' lang='lat' dir='ltr'><strong>dies</strong></span> 
     </span>
     <span class='ocr_line' id='line_1_39' title="bbox 374 2813 736 2861; baseline -0.003 -6"><span class='ocrx_word' id='word_1_276' title='bbox 374 2813 456 2855; x_wconf 85' lang='lat' dir='ltr'><strong>Ubi</strong></span> <span class='ocrx_word' id='word_1_277' title='bbox 474 2813 706 2856; x_wconf 73' lang='lat' dir='ltr'><strong>initiabant</strong></span> <span class='ocrx_word' id='word_1_278' title='bbox 722 2831 736 2861; x_wconf 91' lang='lat'><em>;</em></span> 
     </span>
     <span class='ocr_line' id='line_1_40' title="bbox 139 2879 1602 2946; baseline 0.008 -25"><span class='ocrx_word' id='word_1_279' title='bbox 139 2879 194 2922; x_wconf 81' lang='lat' dir='ltr'><strong>ad</strong></span> <span class='ocrx_word' id='word_1_280' title='bbox 213 2895 310 2936; x_wconf 89' lang='lat' dir='ltr'><strong>quae</strong></span> <span class='ocrx_word' id='word_1_281' title='bbox 330 2881 523 2922; x_wconf 88' lang='lat' dir='ltr'><strong>Donatus</strong></span> <span class='ocrx_word' id='word_1_282' title='bbox 539 2897 549 2922; x_wconf 73' lang='grc' dir='ltr'>ε</span> <span class='ocrx_word' id='word_1_283' title='bbox 587 2881 783 2923; x_wconf 77' lang='lat' dir='ltr'><strong>Solebam</strong></span> <span class='ocrx_word' id='word_1_284' title='bbox 801 2883 912 2923; x_wconf 75' lang='lat' dir='ltr'><strong>enim</strong></span> <span class='ocrx_word' id='word_1_285' title='bbox 933 2883 980 2923; x_wconf 80' lang='lat' dir='ltr'><strong>in</strong></span> <span class='ocrx_word' id='word_1_286' title='bbox 1000 2883 1071 2924; x_wconf 84' lang='lat' dir='ltr'><strong>illo</strong></span> <span class='ocrx_word' id='word_1_287' title='bbox 1091 2889 1237 2926; x_wconf 85' lang='lat' dir='ltr'><strong>octavo</strong></span> <span class='ocrx_word' id='word_1_288' title='bbox 1254 2885 1322 2927; x_wconf 74' lang='lat' dir='ltr'><strong>die</strong></span> <span class='ocrx_word' id='word_1_289' title='bbox 1340 2887 1443 2929; x_wconf 85' lang='lat' dir='ltr'><strong>dare</strong></span> <span class='ocrx_word' id='word_1_290' title='bbox 1461 2903 1602 2946; x_wconf 80' lang='lat' dir='ltr'><strong>puero</strong></span> 
     </span>
     <span class='ocr_line' id='line_1_41' title="bbox 141 2948 1602 3014; baseline 0.008 -26"><span class='ocrx_word' id='word_1_291' title='bbox 141 2949 266 2989; x_wconf 82' lang='lat' dir='ltr'><strong>amici</strong></span> <span class='ocrx_word' id='word_1_292' title='bbox 291 2948 357 2989; x_wconf 85' lang='lat' dir='ltr'><strong>vel</strong></span> <span class='ocrx_word' id='word_1_293' title='bbox 384 2948 521 2990; x_wconf 84' lang='lat' dir='ltr'><strong>bovem</strong></span> <span class='ocrx_word' id='word_1_294' title='bbox 550 2949 616 2990; x_wconf 85' lang='lat' dir='ltr'><strong>vel</strong></span> <span class='ocrx_word' id='word_1_295' title='bbox 639 2963 767 3000; x_wconf 82' lang='lat' dir='ltr'><strong>ovem,</strong></span> <span class='ocrx_word' id='word_1_296' title='bbox 789 2949 854 2991; x_wconf 80' lang='lat' dir='ltr'><strong>vel</strong></span> <span class='ocrx_word' id='word_1_297' title='bbox 870 2950 990 2992; x_wconf 79' lang='lat' dir='ltr'><strong>aliud</strong></span> <span class='ocrx_word' id='word_1_298' title='bbox 1007 2965 1174 2994; x_wconf 73' lang='lat' dir='ltr'><strong>munus.</strong></span> <span class='ocrx_word' id='word_1_299' title='bbox 1237 2953 1506 3010; x_wconf 84' lang='lat' dir='ltr'><strong>Scholiasten,</strong></span> <span class='ocrx_word' id='word_1_300' title='bbox 1527 2958 1602 3014; x_wconf 91' lang='lat' dir='ltr'><strong>qui</strong></span> 
     </span>
    </p>
   </div>
  </div>
 </body>
</html>
