1962 3224
357 195 444 237 456
833 199 1328 240 ANNOTATIONES

413 319 508 362 293.
530 307 729 349 Deleatur
749 323 907 349 comma
927 317 1020 364 post
1040 310 1251 361 ἀπείργειν.

415 386 508 428 294.
542 378 657 426 μῆνιν
686 375 891 430 δέχεσθαι]
922 375 1190 418 Scribendum
1219 378 1346 426 μῆνιν,
1378 374 1564 428 δέχεσθαι
1595 373 1684 414 8⁹-—
1699 390 1790 416 cum

358 442 599 482 Hermanno
619 442 670 482 de
691 451 805 483 metr.
820 442 988 483 Pindari
1002 457 1038 493 1,
1053 454 1093 495 5.
1125 441 1294 482 Dictum
1311 451 1447 482 autem
1463 441 1540 481 hoc
1558 449 1630 490 est,
1646 441 1794 482 omisso

357 507 479 563 priori
507 509 595 550 οὕτε
624 523 699 563 pro
728 510 815 549 οὔτε
845 508 1030 562 δέχεσθαι
1062 510 1104 549 δὲ
1137 510 1224 550 οὔτε
1259 509 1445 549 συλλύειν
1479 507 1577 549 τινά.
1639 507 1794 548 Similia

357 574 543 628 exempla
580 589 616 615 v.
657 574 768 629 apud
811 574 1012 614 Schaefer.‘
1041 575 1092 615 ad
1128 575 1275 616 Lamb.
1308 575 1402 615 Bos.
1438 573 1584 629 Ellips.
1616 589 1658 629 p.
1692 583 1789 626 777.

357 645 384 665 “
408 640 529 690 Quod
550 639 601 680 ad
624 655 707 680 rem
738 640 896 690 attinet,
919 640 1122 681 Stanleius
1147 641 1317 682 contulit
1338 640 1486 696 Eurip.
1509 641 1581 681 Or.
1601 642 1672 693 46.
1700 639 1788 692 μήθ’

354 707 452 758 ἡμᾶς
470 705 640 758 στέγαις,
659 706 726 757 Μὴ
741 707 830 758 πυρὶ
850 706 1047 759 δέχεσθαι,
1069 706 1163 758 μήτε
1182 710 1430 759 προσφωνεῖν
1449 723 1549 756 τινα,
1567 710 1790 759 Μητροκτο-

356 776 529 816 νοῦντας.
553 773 744 828 Sophocl.
768 773 869 813 OEd.
893 774 947 813 T.
972 774 1065 824 246.
1086 772 1185 823 Μήτ’
1210 772 1472 825 εἰσδέχεσθαι,
1493 772 1588 824 μήτε
1607 778 1791 825 προσφω-

355 842 439 879 νεῖν
465 855 563 885 τινα,
591 837 691 889 Μήτ’
719 839 763 879 ἐν
793 841 892 879 θεῶν
924 839 1077 891 εὐχαῖσι
1110 838 1205 890 μήτε
1236 839 1377 890 θύμασι
1407 838 1550 879 Κοινὸν
1578 842 1787 886 ποιεῖσθαι,

353 904 448 955 μήτε
476 904 665 957 χέρνιβας
695 904 836 956 νέμειν,
864 904 1003 945 Ὠθεῖν
1027 905 1058 944 δ’
1085 904 1148 945 ἀπ’
1177 906 1292 945 οἴκων
1310 904 1468 947 πάντας.
1529 903 1673 944 Obiter
1694 919 1789 945 vero

354 979 483 1020 notat,
503 970 826 1011 interdictionem
848 970 953 1011 hanc
972 970 1025 1011 ab
1045 970 1204 1011 aedibus
1226 970 1431 1026 propriam
1452 969 1576 1011 fuisse
1595 970 1786 1026 Argivis:

354 1051 448 1077 nam
469 1036 639 1077 aliorum
668 1036 709 1077 in
735 1036 843 1077 aedes
869 1046 1077 1092 receptum
1104 1036 1228 1078 fuisse
1249 1038 1432 1077 Orestem
1463 1045 1557 1077 ante
1586 1051 1789 1092 expurga-

353 1103 503 1144 tionem
534 1111 691 1144 constat
720 1118 770 1143 ex
801 1104 926 1143 Eum.
948 1115 1044 1157 454.
1075 1102 1222 1158 Eurip.
1256 1103 1353 1158 Iph.
1385 1104 1439 1143 T.
1469 1113 1563 1157 947.
1595 1103 1666 1144 ubi
1697 1102 1789 1143 vide

354 1169 523 1210 Heathii
556 1178 720 1210 notata:
761 1178 802 1209 et
833 1169 1081 1211 Valckenaer.
1115 1169 1166 1210 ad
1198 1169 1344 1225 Eurip.
1377 1169 1509 1225 Hipp.
1538 1171 1632 1222 946.
1661 1178 1701 1209 et
1735 1168 1788 1208 ad

353 1237 555 1276 Herodot.
584 1247 624 1288 7,
654 1247 747 1290 231.
780 1237 967 1277 συλλύειν
996 1241 1057 1277 est
1086 1250 1251 1292 operam
1277 1242 1479 1292 prce-stare
1507 1238 1553 1276 in
1582 1236 1786 1292 expiando

352 1304 508 1344 scelere.
568 1302 726 1342 Modus
744 1302 987 1343 describitur
1005 1303 1045 1343 in
1067 1304 1242 1343 Eumen.
1264 1302 1387 1355 440.''
1414 1303 1643 1343 BLOMF.
1684 1304 1786 1342 Pro-

352 1369 525 1410 babilior
552 1369 723 1410 Porsoni
753 1368 1032 1425 interpretatio
1061 1370 1113 1410 ab
1144 1370 1324 1411 Dobraeo
1354 1379 1575 1410 memorata
1603 1383 1689 1410 una
1716 1369 1785 1409 de-

353 1437 526 1477 versari.

410 1504 505 1556 296.
545 1503 836 1558 ταριχευθέντα]
876 1505 1077 1557 ταριχεύω,
1111 1504 1298 1544 Eoesz'cco.
1358 1503 1529 1559 Proprie
1569 1518 1664 1543 vero
1700 1503 1786 1543 sale

350 1571 522 1616 εοηᾱὶος
559 1579 615 1620 et,
650 1569 842 1624 quoniam
876 1569 1071 1610 cadavera
1104 1572 1310 1623 ταριχευτὰ
1340 1570 1466 1610 macie
1498 1578 1781 1625 corrugantur,

349 1636 444 1677 hinc
481 1637 699 1689 ταριχεύειν
737 1636 845 1677 valet
882 1637 1097 1686 emaciare,
1134 1637 1352 1677 exsiccare.
1426 1635 1628 1690 Sophron.
1669 1634 1783 1690 apud

352 1704 487 1745 Schol.
526 1703 570 1743 τὸ
617 1705 736 1755 γῆρας
779 1703 852 1754 ἄμε
886 1707 1077 1755 μαραΐνον
1115 1703 1319 1755 ταριχεύει.
1370 1702 1571 1742 Herodot.
1613 1715 1652 1756 9,
1691 1714 1781 1743 120.

348 1771 523 1820 τεθνεώς,
547 1769 607 1810 καὶ
627 1769 784 1823 τάριχος
805 1771 891 1810 ἐών.
951 1770 1018 1809 De
1037 1769 1278 1810 cadaverum
1306 1770 1527 1822 ταριχεύσει
1552 1767 1781 1809 doctissime

348 1836 432 1892 egit
465 1835 698 1877 Gatakerus
731 1835 783 1876 ad
815 1837 879 1876 M.
912 1837 1015 1876 Ant.
1045 1850 1087 1890 p.
1120 1845 1208 1889 175.
1270 1835 1380 1875 Hinc
1413 1835 1544 1875 forma
1575 1843 1783 1875 contracta

347 1904 530 1956 ταρχύειν
565 1902 749 1958 sepelire,
790 1903 962 1943 Homer.
1004 1901 1056 1942 Il.
1094 1905 1145 1942 H.
1183 1903 1250 1955 85.
1286 1900 1425 1956 Apoll.
1466 1901 1608 1942 Rhod.
1640 1915 1675 1951 1,
1712 1902 1778 1956 83.

348 1969 497 2025 Epigr.
518 1969 629 2025 apud
652 1968 842 2009 Huschk.
864 1969 989 2010 Anal.
1013 1968 1113 2010 Crit.
1135 1983 1176 2024 p.
1199 1980 1294 2010 220.
1328 1968 1555 2009 BLOMF.

407 2046 502 2090 297.
523 2036 598 2088 ἆρα
620 2035 836 2076 Stanleius.
867 2037 942 2088 ἄρα
961 2035 1067 2077 libri.

406 2105 499 2157 298.
521 2102 782 2156 ἐξεργαστέον
803 2104 939 2144 Turn.
964 2102 1106 2158 steph.
1156 2103 1261 2152 Quae
1283 2101 1448 2142 Aldinae
1467 2101 1648 2142 lectionis
1669 2102 1782 2154 ἐργα-

348 2170 465 2211 στέον
497 2169 756 2225 interpolatio
787 2179 859 2211 est.
923 2169 1191 2211 Scribendum
1229 2168 1308 2210 ἔστ’
1344 2168 1558 2222 ἐργαστέον
1591 2182 1683 2208 cum
1717 2169 1780 2209 M.

348 2237 488 2278 Guelf.
511 2237 619 2277 Rob.

405 2316 500 2357 299.
531 2303 810 2354 συμπίτνουσιν
841 2303 976 2344 Turn.
1016 2303 1300 2354 συμπίπτουσιν
1332 2300 1424 2342 libri
1453 2300 1611 2355 reliqui.
1672 2301 1780 2342 Scri-

345 2370 526 2411 bendum
547 2378 682 2409 autem
705 2367 992 2419 ξυμπίτνουσιν.

403 2450 500 2492 300.
531 2445 572 2476 et
601 2449 697 2490 310.
738 2435 820 2475 His
854 2435 1037 2476 versibus
1075 2433 1302 2489 explicatur
1334 2434 1407 2489 qui
1439 2434 1519 2474 sint
1549 2434 1606 2474 illi
1637 2436 1780 2476 πολλοὶ

344 2503 479 2555 ἵμεροι.
540 2501 708 2542 Monuit
729 2501 916 2542 Bothius.

401 2582 499 2624 300.
520 2568 664 2621 πατρὸς
682 2567 839 2621 πένθος]
862 2568 1019 2608 Luctus
1038 2568 1085 2608 ob
1101 2572 1264 2623 patrem
1284 2573 1508 2622 conceptus.

401 2649 496 2690 301.
527 2635 624 2688 πρὸς
652 2634 771 2683 πιέζει
790 2634 1056 2675 Abreschius.
1117 2633 1254 2688 Vulgo
1278 2633 1525 2688 conjunctim
1545 2633 1781 2684 προσπιέζει.

402 2702 559 2756 ἀχηνία]
582 2701 841 2758 Hesychius:
873 2700 1053 2754 Ἀχηνία,
1075 2700 1212 2753 ἄπορα,
1235 2699 1306 2740 ubi
1326 2700 1494 2740 fortasse
1520 2698 1598 2754 leg.
1627 2699 1779 2751 ἀπορία.

344 2771 408 2811 Ut
430 2768 591 2818 Suidas‚
611 2767 724 2823 apud
744 2782 865 2823 quem
892 2768 1022 2820 φίλων
1042 2768 1196 2820 ἀχηνία,
1219 2774 1259 2807 et
1286 2775 1333 2807 ut
1361 2766 1472 2821 apud
1503 2774 1686 2806 nostrum
1716 2764 1782 2805 hic

343 2835 550 2889 χρημάτων
604 2835 759 2888 ἀχηνία,
811 2833 867 2874 sic
915 2835 1066 2889 Agam.
1117 2849 1156 2874 v.
1204 2845 1300 2888 429.
1326 2882 1328 2884 Ι
1356 2831 1537 2884 ὀμμάτων
1589 2831 1778 2884 ἀχηνίαις.

345 2902 564 2943 STANL.
