1962 3224
573 197 663 238 AD
695 197 1236 239 AGAMEMNONEM.
1555 199 1636 239 421

169 324 244 351 cor
261 311 444 367 angit-ur
462 323 639 352 eoeerces.
663 319 710 351 ut
730 309 782 351 sit
804 309 1058 366 comparatio
1084 310 1287 351 malorum
1317 324 1415 366 quae
1437 311 1572 352 Atreo
1598 320 1640 352 et

175 377 378 435 Thyestoe
397 377 511 419 illata
530 387 640 430 sunt,
661 393 757 420 cum
778 377 827 419 iis
846 394 944 435 quae
970 393 1046 435 per
1067 378 1274 420 Helenam
1302 388 1344 420 et
1366 378 1639 436 Clytaemnes-

172 454 278 488 tram
300 445 496 488 Menelao
513 455 556 488 et
577 445 885 503 Agamemnoni
904 449 1182 503 contigerunt.
1215 447 1450 488 BLOMF.

233 526 357 568 1471.
379 515 654 568 καρδιόδηκτον
674 514 947 557 Abreschius.
979 515 1116 571 καρδία
1136 515 1277 566 δηκτὸν
1295 514 1405 557 libri.

233 592 358 636 1472.
390 583 455 625 ἐπὶ
484 584 528 624 δὲ
558 583 755 638 σώματος]
786 584 951 640 Nempe
971 583 1301 640 Agamemnonis
1330 583 1521 633 cadaver,
1541 598 1636 625 cum

170 664 211 691 ν.
250 663 372 703 1404.
408 650 760 707 pronuntiaretur,
791 651 833 692 in
865 666 1027 693 scenam
1058 651 1219 694 illatum
1256 661 1357 702 erat,
1394 666 1520 708 super
1552 666 1638 707 quo

173 716 491 773 Clytaemnestra
511 719 646 760 stabat
665 720 889 762 exsultans.
950 721 1103 776 Itaque
1120 719 1360 762 concinnius
1379 729 1441 761 est
1457 721 1638 761 σταθεΐσ’

169 784 318 842 legere.
379 787 521 844 Super
539 787 742 829 cadavere
761 795 899 830 autem
929 789 1004 829 illa
1033 790 1173 830 instar
1200 789 1346 844 ivfizstz'
1376 790 1492 829 corvi
1518 794 1638 830 stan-s
1670 796 1672 798 '

166 855 425 910 praeterfas,
441 856 568 897 etiam
587 855 788 912 hymnum
808 871 852 898 se
870 863 1138 898 cantaturam
1152 858 1201 899 ob
1216 857 1384 907 ccede-m,
1402 857 1636 913 gloriatur.

170 921 388 963 Succurrit
408 922 603 964 nimirum
622 923 752 965 choro
767 924 871 965 illud
889 924 1222 982 Clytaemnestrae
1242 925 1424 967 dictum:
1458 940 1494 966 v.
1514 938 1636 981 1393.

399 989 475 1034 ε,Ως
495 990 558 1032 ὧδ’
581 993 768 1046 ἐχόντων,
791 992 969 1046 πρέσβος
987 991 1182 1046 Ἀργείων
1202 994 1305 1041 τόδε,

400 1060 564 1113 χαίροιτ’
586 1059 649 1108 ἂν,
673 1062 708 1102 εἶ
728 1060 907 1114 χαίροιτ’,
931 1061 1009 1114 ε’γῶ
1031 1060 1062 1102 δ’
1086 1062 1313 1115 ἐπεύχομαι.

171 1126 355 1183 Egregie
383 1136 523 1169 autem
554 1128 836 1169 scelestissima
871 1128 1020 1169 mulier
1050 1138 1316 1185 comparatur
1345 1143 1439 1170 cum
1471 1128 1632 1176 corvis;

169 1194 214 1235 hi
248 1195 357 1237 enim
393 1211 502 1253 saepe
530 1196 632 1238 dum
662 1196 933 1238 cadaveribus
965 1206 1206 1253 pascuntur,
1237 1195 1312 1237 alis
1346 1196 1563 1252 clangunt,
1594 1206 1636 1238 et

170 1278 296 1305 rauca
314 1279 414 1305 voce
433 1263 644 1306 crocitant.
679 1265 812 1305 SCH.

225 1332 338 1373 δίκαν
355 1349 422 1384 μοι
443 1332 620 1387 κόρακος]
644 1331 801 1373 Inutile
831 1346 905 1373 nec
935 1332 1032 1374 satis
1062 1342 1159 1388 apte
1188 1332 1434 1374 collocatum
1464 1341 1526 1373 est
1555 1350 1633 1384 μοι.

170 1399 294 1450 Quod
315 1399 349 1441 si
367 1399 569 1452 deleatur,
589 1400 631 1441 in
652 1415 775 1441 versu
797 1400 1007 1456 strophico
1028 1411 1149 1456 1452.
1172 1401 1235 1442 καὶ
1255 1400 1504 1456 ejiciendum
1524 1400 1613 1442 erit.

230 1480 354 1524 1473.
376 1467 551 1511 σταθεῖσ’
576 1467 836 1510 Schuetzius.
897 1468 1142 1525 Legebatur
1162 1469 1333 1512 σταθείς.

226 1537 416 1593 ἐκνόμως]
438 1537 603 1590 ἔννομος
623 1536 691 1580 Fl.
713 1538 816 1578 Ven.

232 1617 354 1659 1474.
393 1606 510 1646 Ante
546 1606 755 1660 ἐπεύχεται
788 1605 854 1647 vel
889 1614 982 1661 post
1015 1604 1095 1647 hoc
1126 1605 1300 1648 verbum
1334 1605 1433 1647 duae
1465 1605 1636 1663 syllabae

167 1672 425 1715 exciderunt.
455 1674 586 1726 δόμοις
605 1674 780 1731 conjecit
800 1673 1015 1726 Butlerus,
1035 1676 1146 1730 φόνῳ
1168 1675 1427 1717 Schuetzius.

226 1742 330 1783 Post
348 1741 461 1784 hunc
479 1758 644 1784 versum
665 1742 923 1784 desideratur
941 1742 1226 1800 antistrophus
1246 1758 1441 1785 versuum
1467 1753 1636 1799 1455—

174 1811 297 1862 1461.

233 1879 357 1932 1476.
386 1878 632 1934 τριπάχυιον]
656 1879 699 1920 Si
720 1893 866 1920 verum
887 1887 948 1920 est
969 1878 1212 1934 τριπάχυιον,
1235 1878 1507 1935 repetendum
1529 1888 1590 1921 est
1610 1894 1636 1920 a

169 1947 310 2000 παχύς.
372 1945 454 1987 Sed
485 1945 621 1987 nescio
649 1962 703 1988 an
733 1947 958 2004 legendum
987 1947 1234 2000 τριπάλαιον,
1256 1947 1330 2003 qui
1350 1947 1404 1988 ab
1424 1947 1557 1989 abavo
1576 1948 1637 1989 fa-

170 2013 294 2055 miliae
313 2013 500 2055 adhaesit.
523 2013 750 2071 Phrynich.
773 2016 892 2071 App.
912 2014 1038 2071 Soph.
1060 2030 1102 2071 p.
1120 2017 1188 2067 64.
1210 2015 1442 2068 τριπάλαια;
1464 2018 1514 2058 τὰ
1532 2016 1636 2057 πάνυ

168 2082 331 2124 παλαιά.
364 2082 596 2123 BLOMF.

230 2161 354 2205 1477.
376 2149 537 2204 γέννας]
558 2141 702 2203 γέννῆξ-
722 2149 790 2191 Fl.
854 2149 1126 2191 Scribendum
1149 2149 1304 2202 γέννης.

231 2230 353 2273 1479.
376 2218 510 2273 νείρει]
532 2218 640 2275 νείρῃ
654 2218 942 2270 Casaubonus,
958 2226 1084 2268 recte,
1102 2217 1177 2258 nisi
1198 2216 1312 2273 quod
1331 2218 1440 2272 νείρᾳ
1460 2215 1636 2257 scribere

168 2285 361 2336 debebat,
382 2285 436 2327 de
455 2301 542 2342 quo
562 2286 725 2327 monuit
745 2286 1028 2328 Wellauerus.
1081 2287 1255 2326 Sensum
1280 2284 1407 2326 totius
1428 2283 1505 2325 loci
1527 2292 1636 2325 recte

167 2353 366 2410 explicuit
406 2353 653 2396 Schuetzius
689 2360 718 2379 “
740 2355 871 2396 Nunc
907 2354 1072 2396 tandem
1101 2354 1323 2394 correoez'sti
1352 2353 1440 2394 oris
1469 2358 1634 2394 senten-

168 2422 286 2472 tiam,
318 2421 470 2463 rectius
501 2437 627 2479 quam
663 2431 785 2463 antea
815 2422 981 2464 locutus
1022 2437 1079 2472 eS‚
1115 2421 1243 2477 hujus
1275 2422 1422 2477 gentis
1456 2422 1636 2478 genium

171 2492 340 2545 (nempe
374 2489 592 2543 ἀλάστορα,
631 2505 662 2531 s.
699 2491 854 2531 malum
890 2489 1081 2546 genium)
1116 2489 1361 2530 incusando.
1423 2489 1491 2530 Eo
1525 2488 1633 2530 enim

168 2566 336 2598 auctore
370 2557 418 2598 fit
453 2569 500 2599 ut
534 2557 775 2614 sanguinem
810 2557 1020 2599 lambendi
1052 2556 1143 2598 dira
1176 2555 1306 2597 libido
1339 2556 1382 2596 in
1413 2556 1637 2598 visceribus

169 2640 314 2666 eorum
353 2624 426 2681 qui
466 2640 516 2666 ex
549 2625 626 2666 hac
664 2634 788 2681 gente
827 2624 907 2666 orti
943 2634 1055 2675 sunt,
1091 2640 1123 2665 s.
1161 2634 1422 2680 posterorum
1465 2623 1635 2665 Tantali

169 2692 319 2743 alatur,
359 2692 418 2733 ita
458 2701 505 2733 ut
538 2693 791 2748 priusquam
825 2693 1027 2748 antiquus
1065 2692 1183 2732 dolor
1223 2693 1462 2741 cessaverit,
1501 2706 1637 2732 novus

169 2775 296 2802 cruor
323 2759 500 2801 manet.”

232 2829 354 2881 1481.
385 2828 408 2879 ἦ
438 2826 567 2880 μέγαν
594 2828 714 2870 οἴκοις
744 2826 893 2881 τοῖσδε]
917 2826 1069 2866 Versus
1098 2825 1384 2881 interpolatus.
1446 2826 1635 2867 Metrum

169 2896 251 2937 fuit
270 2896 520 2953 dactylicum
542 2894 572 2925 -‘
591 2918 619 2935 υ
639 2919 667 2936 υ
687 2893 716 2925 -1
733 2917 760 2935 υ
779 2918 806 2935 υ
827 2919 870 2934 -—.
