1962 3224
400 182 483 223 632
870 187 1363 228 ANNOTATIONES

395 292 493 342 sisti,
508 294 775 348 praesidium,
795 310 889 335 vera
906 309 1014 335 nunc
1036 295 1171 350 potius
1190 296 1417 345 calamitas,
1435 309 1497 336 me
1515 296 1571 335 ad
1590 309 1703 336 mare
1721 296 1837 336 ducit

390 360 608 415 gradatim
629 366 824 415 tanquam
847 376 1022 412 aranea,
1043 368 1247 417 spectrum
1278 363 1449 418 nigrum
1479 370 1520 402 et
1549 362 1835 403 horrendum?

397 425 634 475 Scholiasta,
674 428 903 482 βρετίεσσα]
943 429 966 479 ἡ
1004 433 1080 468 τῶν
1118 429 1291 481 βρετέων
1331 430 1526 482 ἐπικουρία
1565 428 1736 480 βλάπτει
1772 446 1833 480 με.

395 495 507 533 τοῦτο
542 492 585 533 δέ
618 499 752 545 φησιν,
789 494 873 534 ε’πεὶ
904 498 1120 546 θαρσοῦσαι
1153 496 1280 538 αὐτοῖς
1315 497 1358 535 ἐν
1391 497 1443 549 τῷ
1480 499 1638 550 φανερῷ
1672 496 1833 546 κατελή-

399 563 570 611 φθησαν.

451 625 688 681 μαλδαάγει]
720 627 911 680 μαλδάγει
942 627 1049 667 Rob.
1112 627 1335 668 Probabilis
1367 628 1572 668 Schuetzii
1601 629 1834 684 conjectura

396 702 455 732 est
474 691 511 742 μ’
534 692 643 732 ἅλαδ’
666 693 765 745 ἄγει.

454 760 548 798 886.
580 759 749 811 ἄραχνος
779 761 828 802 ὡς
857 759 999 814 βάδην]
1023 761 1160 800 Locus
1180 760 1539 815 deploratissimus,
1559 761 1678 816 cujus
1699 771 1832 802 tamen

397 840 536 865 sensus
565 825 727 875 videtur
758 826 833 866 hic.
905 826 1220 867 Simulacrorum
1253 842 1374 881 quam
1407 829 1562 882 speravi
1596 829 1740 868 ἀσυλία
1770 843 1833 868 me

397 891 592 947 prodidit,
614 902 673 932 est
693 893 799 932 enim
821 908 900 933 non
923 893 1042 935 σάκος
1062 894 1250 946 ἄῤῥηκτον
1271 893 1372 934 sicut
1394 894 1510 934 nobis
1531 894 1659 934 visum
1689 905 1773 935 erat
1794 910 1833 934 v.

402 959 492 1011 198,
524 958 623 1013 quin
655 959 792 1014 potius
820 974 976 1000 araneae
1006 959 1099 1009 tela,
1129 960 1327 1000 somnium
1359 960 1588 1001 evanidum.
1650 962 1715 1001 De
1738 961 1835 1016 jure

398 1026 573 1074 ἀσυλίας,
595 1025 706 1080 quod
727 1025 825 1065 nihil
847 1026 944 1081 ipsis
964 1026 1134 1081 profuit,
1156 1026 1407 1082 interpretati
1430 1042 1583 1069 sumus.
1616 1029 1834 1069 STANL.

455 1091 548 1133 888.
570 1093 685 1148 ὄναρ]
711 1092 947 1142 Scholiasta,
969 1094 1087 1144 μηδὲν
1108 1094 1245 1134 οὖσαν.

452 1159 595 1213 μέλαν]
616 1160 764 1212 μέγραν
786 1159 926 1200 Guelf.

456 1227 550 1280 890.
582 1227 701 1279 βοᾶν]
739 1227 838 1266 Post
869 1226 977 1266 hunc
1010 1241 1167 1266 versum
1202 1227 1307 1267 Rob.
1338 1227 1476 1268 inserit
1503 1227 1532 1268 ὦ
1557 1227 1677 1280 μάτερ
1702 1231 1763 1280 γῆ,
1785 1243 1836 1268 ex

396 1293 648 1347 glossemate.
709 1295 816 1333 Nam
838 1293 879 1333 in
901 1293 1061 1334 scholiis
1081 1303 1318 1334 annotatum
1341 1293 1370 1334 ὦ
1391 1298 1507 1348 μῆτερ
1528 1298 1590 1347 γῆ.

457 1361 551 1414 892.
574 1361 648 1414 βᾶ]
672 1364 725 1411 μᾶ
746 1361 879 1400 Turn.

455 1427 551 1480 892.
574 1440 670 1481 901.
701 1425 730 1467 ὦ
759 1430 816 1478 βᾶ
841 1430 916 1469 Γᾶς
935 1431 1009 1467 παῖ
1033 1427 1124 1482 Ζεῦ]
1152 1426 1181 1467 ὦ
1199 1431 1253 1479 μᾶ
1273 1432 1339 1475 Γᾶ,
1362 1432 1416 1469 πᾶ
1436 1431 1513 1469 Ζεῦ
1534 1428 1775 1469 Huschkius
1795 1428 1837 1468 in

397 1494 735 1535 commentatione
765 1493 815 1534 de
838 1494 978 1534 Annio
1000 1494 1168 1535 Cimbro
1196 1511 1234 1549 p.
1259 1505 1330 1549 51.
1391 1495 1628 1546 Scholiasta,
1657 1495 1686 1536 ὦ
1716 1495 1837 1547 πάτερ

398 1565 487 1608 Ζεῦ,
511 1564 582 1613 γῆς
600 1564 681 1601 παῖ·
713 1561 736 1610 ἡ
757 1561 850 1610 αὐτὴ
870 1563 944 1612 γὰρ
963 1559 1055 1601 Ῥέα
1077 1562 1137 1601 καὶ
1158 1564 1225 1612 Γῆ.

456 1628 550 1682 894.
571 1626 647 1667 οὐδ’
671 1626 883 1681 ἐγήρασαν]
906 1628 994 1667 οὐδὲ
1014 1627 1191 1679 γήρασαν
1213 1629 1276 1668 Μ.
1300 1628 1441 1668 Guelf.
1465 1629 1574 1669 Rob.

454 1694 533 1734 οὐδ’
554 1693 751 1746 ἐγήρασαν
770 1693 910 1747 τροφῇ]
933 1694 1038 1734 Haec
1063 1708 1160 1733 sana
1185 1709 1269 1734 esse
1298 1694 1397 1734 mihi
1428 1709 1547 1734 nemo
1576 1695 1832 1750 persuaserit.

401 1760 585 1801 Primum
613 1760 718 1800 enim
745 1760 786 1799 in
817 1759 1148 1800 antecedentibus
1178 1760 1222 1800 οὗ
1251 1760 1325 1812 γάρ
1351 1761 1389 1811 μ“”
1411 1761 1586 1814 ἔθρεψαν
1605 1761 1711 1801 idem
1732 1761 1836 1802 illud

399 1828 514 1876 inest,
537 1827 649 1883 quod
676 1827 784 1868 hisce
806 1827 938 1867 verbis
968 1826 1230 1882 significatur.
1291 1826 1452 1867 Deinde
1483 1828 1680 1880 ἐγήρασαν
1708 1828 1837 1869 active

398 1896 575 1949 positum
606 1894 780 1934 insolens
809 1903 881 1934 est.
917 1894 1046 1934 SCH.
1107 1893 1250 1933 Priore
1269 1904 1511 1947 argumento
1530 1893 1630 1934 nihil
1649 1894 1834 1935 efficitur.

402 1961 599 2014 ἐγήρασαν
647 1960 744 2016 legit
793 1959 1018 2010 scholiasta,
1063 1959 1135 2014 qui
1183 1959 1474 2015 interpretatur
1522 1963 1577 2003 εἷς
1624 1961 1744 2014 γῆράς
1789 1978 1837 2012 με

400 2029 565 2081 ἤγαγον.

459 2097 551 2150 895.
583 2095 722 2148 μαιμᾷ]
756 2111 824 2146 μαι
852 2110 921 2145 μαι
951 2094 1016 2133 M.
1048 2093 1187 2134 Guelf.
1215 2093 1316 2134 Ald.
1345 2095 1480 2134 Turn.
1545 2096 1622 2134 Per
1656 2096 1838 2147 ἐνθουσιᾷ

400 2162 575 2218 explicat
606 2160 830 2203 scholiasta.
892 2159 1083 2201 Similiter
1105 2160 1352 2216 HesychiUS‚
1374 2161 1492 2215 cujus
1517 2161 1651 2216 glossa
1670 2161 1838 2201 fortasse

401 2246 450 2271 ex
471 2231 547 2271 hoc
567 2230 655 2270 loco
676 2238 810 2268 sumta
829 2237 901 2268 est.

460 2297 554 2350 896.
588 2297 638 2338 ὥς
665 2295 714 2347 μέ
742 2296 783 2335 τί
807 2295 891 2335 ποτ’
914 2293 1146 2347 ἐνδακοῦσα]
1173 2293 1239 2333 Sic
1258 2293 1381 2333 verba
1408 2292 1538 2333 lacera
1564 2309 1709 2349 parum
1735 2310 1836 2349 pru-

401 2363 544 2403 denter
563 2360 822 2416 interpolavit
845 2360 988 2415 Steph.
1019 2361 1070 2402 ὥς
1088 2377 1136 2411 με
1156 2360 1277 2399 rivi-0⁷³
1298 2360 1342 2400 ἔν
1362 2359 1538 2413 δακοσάχ
1560 2361 1621 2401 Μ.
1654 2362 1704 2403 ὥς
1729 2379 1776 2412 με
1803 2363 1842 2402 τί

401 2430 485 2470 ποτ’
508 2428 551 2469 ἓν
578 2428 642 2480 (ἓν
667 2428 840 2479 Turn.)‚
864 2426 1040 2479 δακοσάχ
1066 2426 1206 2467 Guelf.
1238 2426 1338 2466 Ald.
1365 2428 1500 2468 Turn.
1534 2428 1584 2470 ὥς
1612 2444 1660 2478 με
1685 2428 1693 2482 l
1718 2429 1838 2468 τίποτ’

403 2496 447 2536 ἔν
472 2494 479 2551 Ι
505 2499 705 2548 δακοῦσαχ
723 2514 755 2531 =
782 2494 890 2536 Rob.

460 2562 554 2616 898.
576 2562 769 2616 ὀτοτοτοῖ]
791 2561 1011 2601 ὀτοτοτοτοί
1027 2560 1132 2601 libri.
1193 2560 1380 2601 Correxit
1404 2560 1657 2601 Schuetzius.

460 2642 554 2683 901.
575 2632 632 2680 βᾶ
650 2643 729 2668 om.
753 2629 888 2668 Turn.

461 2708 554 2749 903.
576 2698 738 2747 χιτῶνος
758 2693 889 2748 ἔργον]
912 2692 1148 2741 Scholiasta,
1171 2693 1240 2743 τὴν
1262 2693 1451 2745 ἐργασίαν
1471 2696 1538 2733 τοῦ
1557 2697 1730 2746 χιτῶνος.

461 2775 556 2816 904.
579 2761 758 2815 πρόμνοι]
782 2759 1049 2801 Scribendum
1071 2761 1211 2812 πρόμοι
1229 2774 1321 2800 cum
1346 2759 1538 2801 Stanleio.

461 2841 556 2883 905.
578 2829 672 2882 906.
691 2838 731 2869 et
752 2841 846 2883 909.
869 2841 962 2881 910.
986 2829 1078 2868 Hos
1094 2842 1233 2867 versus
1248 2827 1568 2883 transponendus
1586 2843 1671 2868 esse
1690 2827 1836 2883 proba-

402 2895 537 2937 biliter
557 2894 728 2950 conjecit
747 2894 935 2936 Bothius.
