1962 3224
658 147 832 184 INDEX
861 145 1116 184 LATINUS.

141 254 427 306 Praepositiones
447 255 486 291 in
508 255 582 291 fine
605 253 739 291 senarii
759 254 838 292 col-

193 308 322 346 locatae
342 309 453 345 Eum.
479 309 568 356 238.

141 362 454 414 Praepositionum
493 362 623 399 formae
655 365 838 410 ἀποκεκομ-

193 417 288 464 μέναι
308 415 415 467 Sept.
438 426 527 465 743.

142 469 353 507 Promethei
383 468 492 518 jecur
519 470 566 507 ab
600 469 726 520 aquila
753 469 839 507 ade-

195 536 277 560 sum
299 524 360 561 Pr.
383 535 498 571 1024.

142 576 329 627 Psyttalea
347 578 448 615 Pers.
469 587 560 625 447.

143 630 300 667 Salamis
318 631 502 668 columbis
521 630 717 668 abundans
737 632 838 668 Pers.

197 695 286 732 309.

142 738 342 788 Sanguinis
371 745 644 776 sacramentum
675 737 712 774 in
742 737 840 775 bello

197 792 302 842 Sept.
323 803 389 839 44.

143 844 311 895 Scriptor
326 845 407 882 vitae
424 844 582 882 Homeri
599 845 730 896 Suppl.
750 854 839 895 727.

144 898 278 949 Scylla,
299 898 388 936 Nisi
408 898 496 944 filia,
518 899 589 936 Ch.
603 899 694 946 614.

143 952 347 1002 Sophocles
366 953 499 1004 fragm.
520 953 590 1003 Ag.
610 964 698 1000 240.

144 1005 271 1056 Spolia
298 1007 337 1043 in
364 1005 516 1057 templis
536 1019 717 1057 suspensa
736 1006 841 1058 Sept.

199 1059 289 1108 278.

146 1112 341 1163 Syennesis
363 1114 464 1151 Pers.
486 1117 577 1162 326.

1519 146 1596 184 655

897 253 1022 304 Syrius
1043 253 1137 291 odor
1156 253 1227 303 Ag.
1252 265 1365 301 1312.

895 306 1064 344 Talionis
1085 306 1146 343 lex
1167 307 1237 344 Ch.
1259 318 1280 355 3
1294 319 1352 355 13·

894 361 1020 398 Terrae
1064 374 1092 397 s.
1132 359 1293 397 Telluris
1327 360 1405 397 deae
1446 360 1599 398 nomina

950 415 1046 451 varia
1067 415 1124 451 Pr.
1153 425 1241 451 210.

893 467 1042 505 Tmesis
1073 467 1268 505 verborum
1299 480 1386 505 cum
1416 471 1472 505 cdv
1493 481 1598 505 com-

949 521 1155 572 positorum
1176 522 1245 572 Ag.
1273 521 1362 570 586.

896 576 1085 626 Thyestea
1103 588 1212 612 coena
1231 576 1302 624 Ag.
1323 587 1438 624 1242.

894 630 929 667 T
932 630 1099 668 rochaeus
1127 642 1194 680 pro
1214 628 1340 667 iambo
1371 631 1407 667 in
1434 630 1599 667 vocabu-

950 683 995 720 lis
1056 683 1279 734 quibusdam
1345 684 1598 735 polysyllabis,

950 739 1174 788 φαιοχίτωνες,
1220 740 1472 786 Ἱππομέδοντος,
1518 742 1598 775 Ἀλ-

950 791 1136 842 φεσίβοιαν,
1162 791 1202 828 in
1229 789 1337 829 initio
1366 791 1501 829 senarii
1526 793 1597 829 Ch.

956 856 1069 894 1049.

895 899 1057 950 Typhon
1079 900 1141 936 Pr.
1163 907 1255 947 351.

896 954 1034 990 Vestes
1053 952 1204 990 dearum
1225 952 1392 991 odoratae
1414 954 1473 990 Pr.
1495 965 1509 989 1
1524 966 1534 989 ι
1545 963 1580 1002 5.

898 1005 1104 1044 Vocativus
1129 1003 1326 1044 nominum
1350 1009 1388 1045 in
1418 1008 1469 1053 Εἷς
1493 1010 1600 1059 Sept.

956 1073 1020 1110 39·
