1962 3224
389 208 474 249 370
861 210 1352 250 ANNOTATIONES

388 318 564 374 cog-nim,
591 327 769 360 ceterum
802 319 959 360 facilius
984 319 1152 359 ferendo
1183 333 1306 374 quam
1340 318 1563 360 scholiasta:
1590 318 1701 359 istud
1730 320 1827 359 ἀπα-

389 387 537 438 γώνιος.

442 463 539 508 519.
573 453 763 507 ἀντήλιοι]
799 455 836 493 οἱ
867 456 920 496 εἷς
949 453 1018 504 τὴν
1043 453 1238 503 ἀνατολὴν
1267 454 1441 504 ὁρῶντες.
1470 452 1592 493 schol.
1643 452 1825 508 Hesych.

386 519 585 570 Ἀντήλιοι
606 521 698 560 θεοί·
731 522 767 560 οἱ
787 520 859 572 πρὸ
880 524 956 560 τῶν
976 523 1109 560 πυλῶν
1131 520 1332 571 ἱδρύμενοι.
1383 519 1578 561 Eustath.
1600 519 1652 560 ad
1675 519 1826 575 odyss.

389 590 432 626 Z.
456 601 494 640 p.
523 587 643 639 1562,
664 598 733 641 37.
758 586 950 636 ἀντήλιος,
973 586 1093 638 ἤγουν
1113 585 1338 637 προσήλιος.
1384 587 1572 628 Ionicum
1595 603 1679 627 esse
1699 596 1828 637 notat,

387 661 434 692 ut
454 653 687 703 ἀπηλιώτης.
721 653 803 693 vid.
829 653 1004 707 Gregor.
1025 652 1076 692 de
1094 652 1188 692 dial.
1209 667 1251 707 p.
1272 666 1369 707 399.
1391 653 1455 693 ed.
1479 666 1516 695 2.
1541 653 1728 709 Sophocl.
1751 654 1826 708 Aj.

388 719 481 772 803.
513 721 549 759 οἳ
579 718 609 760 δ’
633 719 821 771 ἑσπέρους
841 720 1030 771 ἀγκῶνας,
1054 721 1090 759 οἱ
1120 719 1149 758 δ’
1169 720 1374 770 ἀντηλίους
1405 719 1550 770 Ζητεῖτ’
1574 719 1826 763 loures—ubi

385 785 469 825 vid.
488 784 668 826 Lobeck.
683 795 724 826 et
738 785 790 826 cf.
813 785 1036 841 Phrynich.
1054 786 1168 840 App.
1185 785 1310 841 Soph.
1323 801 1364 841 p.
1385 787 1447 835 16,
1466 796 1503 839 7.
1519 788 1624 828 Lex.
1644 787 1826 842 Seguier.

386 867 425 905 p.
448 864 547 902 424,
573 864 637 906 25.
659 852 900 903 Ἀπηλιώτης
922 853 964 892 ἐν
984 853 1036 906 τῷ
1053 859 1099 899 ’τ’τ,
1123 853 1185 893 καὶ
1206 852 1398 903 ἆντήλιος,
1422 854 1484 894 καὶ
1502 852 1629 894 πάντα
1647 856 1696 894 τὰ
1714 855 1827 904 ὅμοια

386 922 527 970 ψιλῶς.
559 919 621 958 καὶ
640 919 663 969 ἡ
684 919 820 969 ἐπηλίς
843 920 926 959 ἐστι
949 923 1055 971 παρὰ
1075 920 1341 974 Ποσειδίππῳ.
1394 919 1672 974 Corrigendus
1699 920 1827 975 igitur

386 984 537 1040 Eurip.
563 985 656 1024 Ion.
682 987 802 1039 1560.
827 985 988 1039 [1550]
1010 985 1197 1036 ἆνθήλιον
1215 983 1437 1037 πρόσωπον.
1468 987 1696 1027 BLOMF.

441 1061 540 1104 520.
574 1052 610 1092 εἴ
636 1068 710 1092 που
741 1050 957 1092 Stanleius.
987 1051 1010 1102 ἢ
1042 1055 1116 1092 ποῦ
1143 1051 1205 1092 vel
1231 1051 1331 1102 ἦπου
1362 1051 1467 1092 libri.
1516 1056 1543 1077 ‘⁶
1561 1051 1745 1094 Solennis
1767 1062 1827 1094 est

386 1117 623 1172 hujusmodi
643 1117 883 1164 obtestatio;
915 1117 1170 1172 frequentius
1199 1127 1333 1159 tamen
1363 1120 1399 1160 εἴ
1426 1135 1521 1160 ποτε
1539 1134 1663 1175 quam
1686 1123 1723 1162 εἴ
1739 1137 1826 1162 που.

388 1184 559 1223 Homer.
583 1183 633 1223 Il.
656 1187 701 1230 E,
729 1185 820 1224 116.
843 1185 894 1224 Εἴ
911 1183 1007 1224 ποτέ
1028 1200 1093 1234 μοι
1114 1185 1176 1224 καὶ
1195 1187 1312 1238 πατρὶ
1341 1188 1442 1240 φίλα
1463 1187 1687 1239 φρονέουσα
1710 1187 1828 1240 παρέ-

389 1265 481 1300 στης
501 1248 606 1303 Δηΐῳ
629 1251 672 1290 ἐν
701 1249 871 1304 πολέμῳ,
904 1255 974 1291 νῦν
1004 1250 1084 1291 αὖτ’
1111 1252 1178 1302 ἐμὲ
1208 1253 1337 1304 φίλαι,
1359 1253 1517 1305 Ἀθήνη.
1570 1253 1698 1309 Soph.
1720 1252 1823 1293 OEd.

390 1317 445 1357 T.
475 1327 564 1369 172.
603 1319 654 1358 Εἵ
687 1334 781 1358 ποτε
821 1318 883 1358 καὶ
913 1316 1103 1368 προτέρας
1136 1318 1232 1360 ἄτας
1260 1319 1579 1371 ὕπερ-’Έλθετε
1618 1321 1680 1361 καὶ
1720 1319 1827 1361 νῦν,”

390 1384 619 1425 BLOMF.

446 1450 600 1505 τοισίδ’]
625 1455 750 1492 τοῖσιν
771 1452 825 1491 Τ.
865 1452 1010 1492 τοισίδε
1029 1449 1198 1491 deorum
1221 1452 1413 1504 ἀντηλίων
1432 1455 1690 1509 praesentiam
1707 1455 1828 1511 signi-

388 1518 494 1559 ficat.
529 1519 756 1559 BLOMF.

445 1594 523 1639 521
535 1616 543 1625 .
566 1584 750 1640 δέξασθε]
773 1584 1023 1639 δέξαισθεῖΤ.

446 1664 542 1706 522.
564 1651 673 1707 ὑμῖν]
695 1653 785 1703 ἡμῖν
806 1653 840 1692 F
845 1653 871 1692 l.

444 1728 540 1772 527.
562 1719 722 1760 Eadem
744 1719 828 1759 fere
849 1719 972 1760 verba
993 1721 1104 1760 Pers.
1129 1721 1175 1761 81
1189 1735 1223 1761 1.

443 1796 540 1840 532.
574 1786 644 1826 Ad
677 1785 786 1826 hunc
816 1800 971 1826 versum
1003 1787 1232 1828 observavit
1265 1789 1491 1839 scholiasta,
1520 1789 1596 1830 ἀπὸ
1625 1793 1754 1831 κοινοῦ
1782 1791 1827 1831 τὸ

390 1852 478 1892 οὔτε
498 1852 668 1902 ληπτέον
689 1853 751 1893 καὶ
772 1854 826 1895 εἰς
848 1852 892 1892 τὸ
914 1852 1052 1905 Πάρις.
1084 1855 1387 1895 συνυπακούεται
1413 1857 1488 1908 γὰρ
1520 1857 1562 1896 ἐκ
1590 1860 1657 1896 τοῦ
1686 1858 1827 1910 ἐπαγο-

387 1916 518 1968 μένου.
554 1917 757 1959 Stanleius
776 1919 933 1959 confert
954 1919 1120 1960 Pindar.
1143 1920 1269 1975 Pyth.
1287 1924 1327 1971 6,
1347 1933 1413 1973 47.
1437 1923 1568 1962 ἄδικον
1588 1922 1665 1963 οὔθ’
1687 1923 1825 1975 ὑπέρο-

389 1989 493 2024 πλον
508 1982 614 2034 ἅβαν
630 1983 794 2037 δρέπων.
819 1985 1069 2041 Exemplum
1087 1987 1215 2042 magis
1226 1987 1457 2042 adpositum
1472 1990 1627 2043 praebet
1641 1989 1827 2044 Choeph.

391 2062 483 2102 292.
509 2050 695 2104 δέχεσθαι
714 2053 762 2101 δ’,
784 2053 871 2093 οὔτε
892 2055 1080 2095 συλλύειν
1099 2056 1198 2095 τίνα.
1232 2055 1282 2095 V.
1304 2054 1449 2095 Elmsl.
1468 2055 1518 2095 ad
1541 2055 1689 2111 Eurip.
1709 2057 1825 2097 Med.

388 2128 483 2171 452.
517 2119 744 2160 BLOMF.

444 2185 653 2240 συντελὴς]
677 2187 813 2227 Socia.

443 2263 539 2305 534.
561 2253 700 2304 ὀφλὼν
716 2252 997 2293 Blomfieldus.
1030 2255 1168 2306 ὅφλων
1187 2254 1290 2295 libri.

443 2319 539 2373 536.
572 2319 828 2374 αὐτόχθονον]
855 2320 1089 2373 αὐτόχθονος
1117 2320 1228 2361 haud
1261 2320 1341 2361 scio
1361 2335 1410 2361 an
1432 2321 1527 2362 alibi
1557 2331 1702 2371 exstet,
1724 2337 1828 2378 prae-

388 2395 573 2440 terquam
604 2385 645 2424 in
676 2384 880 2440 aliquibus
912 2386 1196 2441 Lycophronis
1226 2387 1431 2428 codicibus
1459 2403 1496 2427 v.
1520 2397 1613 2441 714.
1641 2389 1711 2429 ubi
1731 2404 1827 2429 vera

387 2451 507 2493 lectio
526 2460 586 2491 est
607 2450 861 2494 αὐτοκτόνοις.
908 2453 1044 2502 Quare
1064 2453 1171 2493 edidi
1195 2452 1397 2507 αὐτόχθον’
1420 2453 1479 2495 ὃν.
1520 2456 1671 2496 Forma
1691 2455 1734 2499 ὃς
1751 2470 1828 2511 pro

390 2518 454 2562 ἑὸς
473 2518 647 2559 occurrit
671 2518 807 2560 Theb.
829 2519 925 2574 638.
953 2518 1079 2573 Soph.
1100 2519 1205 2559 (Ed.
1229 2520 1285 2559 T.
1310 2521 1431 2572 1248.
1462 2521 1564 2562 OEd.
1588 2521 1678 2562 Col.
1705 2524 1826 2577 1639.

390 2586 544 2626 Trach.
570 2587 662 2628 266.
685 2595 784 2640 525.
803 2586 921 2641 Ajac.
942 2599 1038 2638 442.
1061 2586 1280 2641 αὐτόχθονα
1300 2589 1466 2629 verteris
1487 2589 1547 2629 vel
1570 2590 1825 2646 indigenam,

389 2652 452 2692 vel
493 2651 712 2705 αὐτόχθονα
752 2653 907 2704 ἔθρισεν
945 2668 1036 2694 cum
1073 2655 1158 2695 solo
1199 2656 1389 2710 aequavz't.
1431 2656 1658 2696 BLOMF.
1719 2657 1824 2697 Cum

391 2718 627 2773 αὐτόχθονος
666 2719 809 2759 similia
847 2720 1035 2775 quaedam
1074 2722 1323 2776 comparavit
1360 2722 1542 2764 Lobeck.
1574 2723 1752 2777 Paralip.
1784 2738 1827 2778 p.

393 2799 487 2827 202.
519 2786 587 2827 sed
613 2802 707 2842 quae
737 2801 815 2827 non
838 2786 1036 2827 sufficiant
1063 2787 1114 2828 ad
1143 2787 1439 2829 defendendam
1473 2789 1712 2845 scripturam
1741 2790 1825 2829 vul-

389 2864 539 2908 gatam.

447 2921 582 2973 διπλᾶ]
609 2919 770 2959 Helena
789 2919 933 2960 amissa
953 2930 991 2960 et
1017 2921 1115 2961 urbe
1135 2921 1306 2976 perdita.
