1962 3224
547 183 636 224 AD
667 183 1206 226 AGAMEMNONEM.
1527 183 1613 224 385

372 293 491 334 Nam
511 294 698 335 maximo
715 294 829 335 saltu
847 295 1068 350 superavit

379 360 599 402 Gravidae
618 362 798 403 armatis
817 375 959 418 equus,

378 429 462 477 Qui
481 443 558 471 suo
577 438 703 486 partu
722 429 863 471 ardua
878 429 1035 487 perdat
1054 429 1287 486 Pergama.

144 496 324 537 Parium
360 511 531 553 quoque
565 497 663 553 equi
698 497 878 539 Duratei
904 496 1085 539 inclusos
1121 496 1165 538 in
1203 512 1253 538 eo
1292 497 1464 538 Danaos
1497 505 1617 539 vocat

145 563 371 606 Lucretius
395 578 432 615 1,
451 565 576 619 477.”
609 565 738 607 SCH.

204 632 301 687 825.
322 633 658 690 ἆσπιδηστρόφος]
690 633 841 675 Malim
864 634 1150 687 ἀσπιδηφόρος.
1196 631 1336 674 Theb.
1366 646 1427 688 19.
1450 635 1618 685 οἰκιστῆ-

143 718 216 754 ρας
236 701 543 755 ἀσπιδηφόρους.
591 702 662 743 Sin
684 702 837 753 minus,
860 702 994 744 saltim
1018 701 1283 743 scribendum
1305 716 1401 743 cum
1426 700 1618 742 Triclinii

146 769 306 820 MSto.‚
342 770 676 824 ἆσπιδοσ-τρόφος,
710 770 868 827 quippe
902 770 943 812 in
982 769 1223 827 hujusmodi
1259 768 1496 825 compositis
1534 783 1618 810 non

143 837 397 879 adhibebant
428 856 465 890 η,
497 838 574 880 nisi
601 838 655 880 ad
685 838 900 881 vitandum
933 838 1123 880 brevium
1157 836 1412 894 syllabarum
1445 851 1619 878 concur-

143 921 250 948 sum.
282 906 378 949 Vid.
402 907 600 949 Eustath.
623 922 666 964 p.
689 919 791 960 422,
812 920 886 962 3ο.
919 908 1152 949 BLOMF.
1204 905 1479 948 Scribendum
1501 906 1619 946 ἀσπι-

147 975 330 1029 δηφόρος.
1222 1018 1228 1023 .

205 1044 303 1087 826.
326 1044 428 1097 ἀμφὶ
447 1043 660 1086 Πλειάδων
680 1045 810 1100 δύσιν]
836 1044 928 1087 Sub
953 1045 1150 1086 autumni
1165 1046 1275 1100 fine.
1328 1044 1479 1086 Mense
1501 1043 1622 1085 Maio

146 1111 342 1154 oriuntur
371 1111 579 1162 Pleiades,
613 1125 671 1165 44
702 1112 863 1156 circiter
897 1112 1046 1154 diebus
1076 1119 1172 1169 post
1203 1111 1499 1169 aequinoctium
1531 1127 1622 1153 ver-

147 1195 265 1233 num,
295 1190 337 1222 et
365 1179 597 1222 Novembri
627 1179 838 1231 occidunt,
870 1180 1041 1222 totidem
1077 1180 1163 1222 fere
1190 1180 1339 1222 diebus
1367 1189 1462 1235 post
1492 1180 1622 1236 aequi-

147 1248 332 1291 noctium
352 1248 610 1290 autumnale.
658 1248 906 1290 Communis
925 1258 1067 1291 autem
1089 1247 1291 1290 sententia
1313 1247 1487 1304 Trojam
1510 1248 1623 1290 exci-

148 1332 234 1358 sam
263 1317 392 1359 refert
421 1316 501 1358 sub
535 1316 689 1358 aestatis
722 1316 854 1358 initio.
917 1317 1073 1358 Totam
1115 1331 1202 1358 rem
1235 1315 1398 1358 erudite
1429 1316 1624 1374 exposuit

150 1384 369 1427 Stanleius.
403 1385 639 1428 BLOMF.

208 1454 304 1507 827.
324 1452 568 1508 ὑπερθορὼν]
589 1454 818 1507 ὑπερθορῶν
839 1454 897 1495 Τ.

210 1520 307 1577 831.
328 1522 450 1563 ταύτὰ
466 1521 754 1563 Casaubonus.
787 1524 909 1563 ταῦτα
928 1520 1035 1563 libri.

208 1588 446 1644 συνήγορον]
469 1589 600 1630 Recte
620 1588 837 1642 ξυνήγορον
860 1590 1033 1631 Porson.

210 1657 308 1713 832.
328 1657 423 1713 833.
447 1659 541 1699 Hos
560 1673 704 1699 versus
724 1657 824 1700 citat
846 1659 1040 1700 Stobaeus
1061 1658 1206 1701 Floril.
1227 1661 1301 1715 38,
1324 1660 1391 1703 28.

210 1725 308 1780 833.
329 1725 497 1781 φθόνου]
519 1727 683 1779 φθόνων
703 1726 740 1767 F
743 1724 768 1767 l.
800 1726 936 1780 ψόγου
963 1726 1170 1768 Stobaeus.

211 1793 309 1848 835.
331 1792 545 1849 πεπαμένῳ
566 1794 794 1835 Porsonus.
824 1793 1067 1850 πεπαμμένῳ
1088 1793 1229 1850 vulgo.

211 1861 308 1916 839.
326 1860 559 1916 κάτοπτρον]
578 1860 802 1903 Schutzius
816 1860 1129 1918 interpretatur,
1144 1863 1364 1920 Eoepertus
1378 1862 1484 1913 dico,
1501 1862 1626 1920 (quod

152 1930 200 1969 in
229 1942 373 1970 eorum
401 1929 753 1981 consuetudinem,
788 1936 990 1987 tanquam
1014 1931 1062 1971 in
1092 1932 1309 1988 speculum
1334 1930 1523 1988 inspexi)
1558 1944 1625 1972 eos

155 1997 228 2038 διο.
275 1996 424 2038 Malim
444 2005 582 2038 tamen
602 2012 679 2055 per
697 2013 820 2039 voces
839 1999 995 2050 ὁμιλίας
1015 1998 1236 2052 κάτοπτρον
1254 1998 1498 2055 intelligere,
1519 1999 1624 2039 ima-

147 2066 298 2121 ginem
317 2070 482 2106 tantum
501 2071 541 2107 et
559 2066 1085 2122 speciemffimiliarz'tatis.
1120 2066 1318 2108 Schutzio
1336 2066 1450 2108 favet
1469 2066 1624 2122 Eurip.

154 2132 226 2175 El.
248 2132 349 2188 384.
371 2134 417 2185 τῇ
439 2132 470 2174 δ’
492 2135 627 2189 ὁμιλίᾳ
646 2134 814 2188 βροτοὺς
835 2137 1031 2187 Κρινεῖτε,
1055 2134 1118 2176 καὶ
1144 2138 1225 2178 τοῖς
1243 2134 1384 2186 ἤθεσιν
1404 2134 1495 2177 τοὺς
1515 2134 1627 2187 εὖγε-

155 2204 248 2244 νεῖς.
297 2200 558 2242 Abreschius
583 2202 682 2244 citat
704 2201 899 2257 AEsehyli
919 2217 1102 2253 versum,
1124 2202 1343 2256 κάτοπτρον
1373 2203 1499 2245 εἴδους
1521 2206 1623 2255 χαλ-

157 2269 224 2312 κός
244 2268 339 2317 ἐστ’,
362 2269 468 2313 οἶνος
489 2271 532 2310 δὲ
553 2273 636 2311 νοῦ.
672 2269 783 2323 (Vid.
807 2270 1008 2312 Museum
1032 2270 1135 2312 Crit.
1162 2284 1200 2311 1.
1223 2286 1264 2327 p.
1286 2270 1404 2324 428.)
1447 2270 1516 2310 De
1536 2268 1626 2325 ipsa

155 2353 256 2379 voce
285 2337 571 2380 Antiatticista
603 2340 730 2395 Sang.
762 2353 803 2395 p.
839 2350 934 2389 102,
971 2351 1036 2380 10.
1067 2337 1302 2391 Κάτοπτρον
1329 2338 1375 2379 οὔ
1403 2342 1507 2390 φασι
1541 2340 1625 2378 δεῖν

155 2405 306 2459 λέγειν,
339 2405 430 2447 ἀλλ’
454 2406 660 2460 ἔσοπτρον.
693 2405 924 2448 BLOMF.
987 2406 1041 2447 In
1071 2405 1154 2446 fine
1183 2420 1327 2447 versus
1356 2419 1518 2446 comma
1551 2420 1625 2461 po-

157 2483 296 2515 natur.

216 2541 312 2593 842.
345 2542 585 2595 σειραφόρος
605 2541 671 2583 Fl.
694 2543 753 2583 T.
775 2557 900 2599 quam
932 2542 1107 2584 formam
1130 2558 1182 2584 ex
1203 2541 1406 2599 AEschylo
1425 2549 1626 2582 memorat

159 2608 314 2650 Pollux
338 2619 376 2663 7,
401 2620 469 2660 24.
492 2610 760 2663 σειρασφόρος
779 2610 919 2666 vulgo.

216 2676 313 2728 848.
348 2676 424 2730 ὅτῳ
460 2677 503 2716 δὲ
536 2677 598 2717 καὶ
631 2680 693 2718 δεῖ
721 2677 939 2730 φαρμάκων
972 2676 1188 2731 παιωνίων]
1221 2677 1289 2717 De
1320 2676 1625 2718 constructione

154 2743 273 2786 verbi
293 2747 356 2785 δεῖ
367 2758 462 2784 cum
484 2743 627 2785 dativo
644 2759 684 2784 v.
706 2743 853 2785 Elmsl.
877 2743 932 2784 ad
954 2743 1105 2798 Eurip.
1127 2743 1249 2785 Med.
1269 2754 1368 2799 552.

215 2811 312 2866 849.
345 2810 504 2854 κέαντες
533 2809 557 2862 ἢ
587 2811 786 2866 τεμόντες]
817 2810 987 2852 Alludit
1005 2819 1144 2851 autem
1166 2810 1220 2851 ad
1251 2821 1439 2852 veterum
1459 2810 1624 2852 chirur-

156 2878 282 2935 giam,
302 2893 399 2934 quae
428 2893 504 2934 per
532 2878 689 2919 ferrum
714 2887 756 2919 et
782 2878 1007 2919 canter-iam
1038 2878 1248 2920 morbidas
1277 2877 1460 2934 corporis
1489 2889 1628 2934 partes

158 2946 374 2988 tractabat.
426 2945 550 2987 Plato
569 2961 635 3002 ap.
659 2945 788 3001 Diog.
811 2946 954 2988 Laert.
978 2959 1021 3001 3,
1045 2947 1068 2987 8
1070 2955 1111 3002 5.
1132 2961 1158 2987 a
1179 2944 1363 2988 Stanleio
1391 2945 1624 3002 adlegatus,

826 3027 908 3070 3C
