1962 3224
614 160 704 201 AD
735 157 1131 200 EUMENIDES.
1525 152 1610 194 535

207 286 298 331 145.
321 275 492 328 δυσαχὲς
510 274 576 316 Μ.
598 273 708 315 Rob.
741 272 939 326 δυσαχθὲς
958 269 1053 312 libri
1073 268 1235 325 reliqui.

206 354 300 398 147.
321 342 370 398 δ’]
393 342 664 384 scribendum
687 339 720 382 θ’
742 355 836 382 cum
861 341 1121 381 Hermanno.

207 412 302 463 148.
326 408 565 464 κρατηθεῖσ’]
592 411 829 463 κρατηθεῖσα
849 408 914 449 Μ.
938 406 1084 448 Guelf.
1105 403 1208 446 Ald.
1231 403 1341 445 Rob.

204 477 349 531 ἄγραν]
374 477 473 517 ἄταν
493 475 598 517 Ald.

208 558 301 600 149.
331 549 406 586 παῖ
424 544 535 599 Διὸς]
556 543 728 601 Apollo.
788 544 856 584 De
887 541 1046 599 syllaba
1075 539 1243 597 ancipiti
1266 538 1307 579 in
1330 538 1412 579 fine
1432 536 1614 579 dochmii

147 629 188 654 v.
212 612 383 655 Seidler.
408 612 460 653 de
479 628 584 654 vers.
606 611 770 654 dochm.
794 627 836 667 p.
861 611 927 666 85.

205 679 336 734 πέλει]
358 679 462 735 πέλῃ
482 678 589 721 libri.

210 760 304 802 150.
336 746 425 790 νέος
455 749 497 788 δὲ
527 748 667 801 γραίας
698 746 900 800 δαίμονας]
928 744 1131 795 Quoniam
1154 741 1412 784 Eumenides
1440 756 1491 782 ex
1512 739 1617 782 anti—

148 814 342 870 quiorum
383 814 555 856 deorum
592 814 736 855 ordine
770 822 901 863 erant,
935 813 1014 854 sub
1049 811 1219 854 Saturni
1253 825 1383 866 regno
1400 826 1412 861 3
1458 808 1618 865 Apollo

150 897 248 923 vero
267 897 318 923 ex
339 883 370 923 J
372 882 457 924 ovis
477 882 646 934 familia,
666 881 841 938 expulso
862 881 1030 923 demum
1055 882 1236 922 Saturno
1256 893 1431 935 regnum
1462 876 1616 934 adepti.

152 949 222 990 Cf.
244 949 457 990 Prometh.
479 965 518 990 v.
542 962 636 1004 149.
671 949 805 990 SCH.

212 1018 304 1072 156.
342 1016 506 1072 ἔτυψεν]
543 1018 652 1058 Cum
688 1016 766 1058 hoc
803 1015 929 1057 verbo
963 1014 1227 1056 construendi
1261 1023 1359 1055 sunt
1394 1011 1619 1054 accusativi

153 1084 302 1137 φρένας
322 1094 363 1125 et
383 1086 513 1137 λοβόν
534 1101 572 1126 v.
595 1085 686 1140 158.

214 1152 308 1206 158.
338 1151 413 1193 ὑπὸ
440 1152 588 1207 λοβὸν]
619 1151 713 1194 Scil.
734 1152 909 1208 hepatis.
973 1150 1039 1192 Sic
1058 1166 1097 1192 v.
1118 1163 1211 1205 135.
1234 1149 1397 1191 dixerat
1419 1148 1619 1205 Clytaem-

152 1229 291 1259 nestra
330 1219 511 1272 ἄλγησον
548 1219 652 1272 ἧπαρ
694 1220 856 1262 ἐνδίκοις
896 1219 1080 1260 ὀνείδεσι.
1135 1219 1269 1260 SCH.
1347 1218 1450 1258 Post
1488 1217 1620 1268 λοβόν

156 1296 359 1342 punctum
379 1296 572 1343 ponatur.

218 1366 310 1408 159.
331 1355 424 1395 160.
445 1363 487 1396 et
506 1353 790 1410 antistrophici
813 1355 903 1395 166.
926 1355 1020 1407 167.
1041 1353 1084 1394 in
1105 1368 1237 1394 unum
1259 1366 1424 1394 versum
1445 1350 1618 1407 conjun-

153 1421 291 1478 gendi.
354 1422 642 1478 Interpunctio
662 1431 756 1478 post
775 1423 1034 1474 μαστίκτορος
1053 1430 1094 1462 et
1115 1422 1253 1472 δαμίου
1273 1419 1473 1461 deleatur.

216 1490 309 1530 161.
330 1489 375 1530 τὸ
394 1505 477 1530 om.
499 1489 620 1531 Rob:
653 1489 694 1530 in
716 1506 753 1530 τι
774 1489 963 1531 mutabat
986 1488 1287 1529 Wakefieldus.

218 1559 311 1599 162.
346 1559 384 1599 οἱ
422 1559 604 1611 νεώτεροι
643 1558 750 1612 θεοί]
790 1558 1008 1615 Praecipue
1044 1556 1287 1615 Apollinem
1325 1555 1390 1597 hic
1426 1564 1620 1611 tangunt.

160 1627 293 1668 SCH.

218 1694 310 1749 163.
334 1694 464 1735 Hunc
484 1709 646 1736 versum
669 1709 750 1735 om.
773 1695 867 1735 Par.
919 1694 1122 1735 Deleatur
1140 1692 1258 1734 colon
1279 1699 1374 1749 post
1394 1690 1534 1733 πλέον.

223 1765 316 1813 164.
337 1764 538 1814 φονολιβῆ
558 1761 785 1803 Arnaldus.
817 1764 1040 1815 φονολειβῆ
1059 1760 1167 1802 libri.

217 1828 381 1885 θρόνον]
415 1828 687 1870 Scribendum
719 1832 896 1882 θρόμβον
915 1844 1010 1870 cum
1034 1827 1310 1869 Wakefieldo.
1373 1828 1505 1867 Recte
1537 1826 1625 1867 haec

160 1895 453 1950 interpretatur
475 1897 758 1946 Hermannus‚
774 1897 914 1952 potiti,
936 1897 1070 1951 nqflw,
1089 1896 1324 1951 superbiter
1342 1894 1625 1949 sanguineam

154 1968 327 2019 guttam
345 1964 459 2004 circa
480 1964 627 2020 pedem
647 1970 686 2005 et
704 1970 843 2021 caput,
863 1963 891 2004 i.
913 1979 949 2005 e.
971 1974 1210 2019 arrogantes
1237 1962 1314 2003 sibi
1338 1960 1546 2017 judicium
1572 1959 1626 2002 de

162 2030 435 2081 interfectore,
471 2030 577 2072 circa
615 2031 763 2087 pedem
802 2041 844 2072 et
881 2040 1009 2088 caput
1042 2030 1242 2086 sanguine
1281 2028 1624 2072 contaminatum.

162 2099 305 2150 θρόνον
323 2096 424 2153 legit
443 2097 673 2140 scholiasta.

224 2166 317 2220 165.
339 2166 442 2206 Post
464 2164 562 2218 κάρα
580 2175 783 2221 punctum
806 2176 997 2222 ponatur.

225 2234 318 2274 166.
339 2235 412 2286 γᾶς
430 2233 635 2288 ὀμφαλόν]
661 2232 888 2289 Templum
911 2232 1178 2289 Delphicum.

225 2301 318 2353 167.
339 2301 616 2357 προσδρακεῖν]
636 2301 732 2354 πρὸς
752 2305 909 2354 δρακεῖν
928 2300 1030 2343 Ald.
1064 2302 1225 2342 Totum
1242 2314 1408 2341 versum
1425 2314 1507 2341 om.
1528 2300 1624 2341 Par.

225 2368 318 2410 168.
354 2371 603 2425 αἱρούμενον]
638 2371 847 2423 αἰρόμενον
879 2370 936 2410 Τ.
998 2368 1272 2410 Scribendum
1305 2369 1499 2422 ἀρόμενον
1528 2383 1626 2410 cum

165 2434 409 2477 Abreschio.
441 2436 679 2485 Scholiasta,
699 2437 829 2479 λείπει
849 2438 869 2478 ὁ
892 2438 968 2485 καὶ,
991 2438 1094 2478 ὥστε
1111 2437 1195 2491 (καὶ
1210 2436 1328 2478 addit
1344 2436 1623 2490 Abreschius)

164 2501 235 2543 τὸν
253 2502 463 2555 ὀφθαλμὸν
484 2505 694 2556 ἐπαίροντα
714 2504 822 2558 ἔχειν
843 2504 1016 2556 αἱμάτων
1036 2505 1142 2558 ἄγος.

229 2570 321 2622 169.
341 2569 477 2620 μάντις
497 2569 551 2611 ὢν
572 2570 829 2612 Schuetzius.
873 2572 1115 2627 Legebatur
1134 2571 1252 2624 μάντι
1272 2574 1344 2626 σῷ.
1378 2570 1627 2626 Alloquitur

168 2635 421 2692 Apollinem.

230 2713 321 2756 170.
342 2703 489 2759 μυχὸν]
511 2703 586 2744 σὸν
605 2703 713 2745 οἶκον
733 2705 788 2745 Τ.
810 2719 862 2745 ex
881 2703 1140 2760 glossemate.

227 2771 397 2824 ἔχρανας
428 2771 564 2812 Turn.
606 2770 775 2824 ἔχρανάς
803 2770 834 2811 τ’
868 2771 1012 2827 Steph.
1054 2771 1265 2825 ἔχρανόιστ’
1298 2771 1409 2813 Rob.
1442 2771 1624 2826 ἔχρανατ’

171 2837 264 2890 (hoc
284 2838 471 2890 accentu)
498 2837 639 2878 Guelf.
660 2837 764 2879 Ald.
796 2838 971 2892 ἐχθράνα
991 2837 1021 2879 τ’
1046 2839 1103 2879 Τ.

231 2917 323 2957 171.
354 2907 460 2957 παρὰ
489 2906 611 2956 νόμον
638 2907 735 2947 Par.
765 2905 873 2948 Rob.
915 2907 1144 2959 παρανόμου
1172 2907 1235 2948 Μ.
1267 2908 1506 2959 παρανόμων
1533 2907 1626 2949 libri
