1962 3224
557 181 649 223 AD
680 180 1122 224 CHOEPHORAS.
1493 176 1580 226 498

171 295 269 339 822.
302 292 483 351 κρεκτὸν]
514 296 684 347 κρεκτῶν
706 294 843 335 Tum.
895 292 1063 335 Inserui
1092 294 1135 335 δὲ
1163 301 1260 350 post
1288 293 1388 345 ὁμοῦ
1413 292 1468 334 ob
1493 308 1580 335 me·

114 373 239 405 trum.
288 361 541 419 Hesychius,
561 377 587 404 a
609 361 791 404 Stanleio
809 361 1032 410 laudatus3
1066 364 1281 416 Θρεκτοῖσι
1301 359 1460 413 νόμοιςτ
1492 361 1581 403 ἀντὶ

114 433 183 471 τοῦ
211 428 389 484 τραχέσι.
439 431 650 483 Σοφοκλῆς
677 428 875 472 Ὀδυσσεῖ
902 428 1157 485 Μαινομένῳ.
1191 429 1290 471 ἔνιοι
1314 429 1370 478 δὲ,
1392 432 1579 482 κρεκτοΐς.

115 496 318 548 Quoniam
338 511 435 539 vero
453 496 694 551 hujusmodi
714 496 931 539 cantilenae
959 497 1085 539 rebus
1114 495 1220 539 laetis
1248 510 1397 554 parum
1428 511 1578 538 conve-

113 564 201 606 nire
221 564 428 617 videntur,
443 563 583 607 malim
604 566 740 622 legere
761 566 807 607 οὗ
828 567 871 607 δὲ
892 565 1052 619 κρεκτὸν
1071 568 1227 619 γοατῶν
1248 563 1382 618 νόμον,
1403 565 1477 607 sed
1494 580 1580 607 ‘non

113 633 251 690 qualis
269 633 322 674 ab
340 634 397 675 iis
411 635 486 690 qui
501 634 788 676 lamentantur
808 634 1071 691 ingeminari
1086 634 1199 675 solet.
1233 633 1338 675 Vide
1353 642 1509 685 autem,
1526 649 1580 676 an

114 701 330 753 cantilena,
346 717 474 759 quam
496 717 538 744 se
558 703 767 746 editurum
788 718 876 744 esse
895 702 952 744 ait
972 702 1138 753 chorus,
1156 701 1247 744 haec
1267 701 1418 745 fuerit:
1452 702 1582 746 Πόλει

114 769 192 812 τόδ’
217 771 272 812 εὖ.
304 770 415 822 ἐμὸν,
442 771 539 823 ἐμὸν
569 770 600 813 δ’
622 790 654 813 κ.
676 789 709 813 τ.
731 776 773 814 λ.
835 771 888 812 In
918 770 1009 813 loco
1038 780 1202 813 tantum
1233 786 1319 813 non
1348 771 1580 829 deplorato,

115 839 364 895 conjecturae
383 838 572 880 nonnihil
591 838 894 896 indulgendum
910 838 1110 896 judicavi.
1142 840 1375 882 BLOMF.

172 906 326 960 γοήτων
362 907 499 948 Turn.
541 907 686 964 Steph.
747 907 1048 950 Revocandum
1089 912 1254 962 γοητῶν,
1290 907 1405 965 quod
1447 917 1508 950 est
1539 908 1582 950 in

117 974 231 1016 libris
262 974 439 1031 reliquis.
487 974 668 1017 “Schol.
689 974 865 1030 γοήτων;
898 974 969 1016 τὸν
999 979 1076 1017 τῶν
1102 975 1271 1030 γοήτων,
1294 977 1332 1018 οἳ
1361 977 1413 1020 ὡς
1443 975 1584 1032 ᾅδουσι

117 1041 332 1097 περιϊόντες
350 1043 421 1094 τὴν
440 1041 572 1084 πόλιν.
636 1043 718 1085 Sed
750 1043 839 1085 haec
858 1043 1143 1100 interpretatio
1163 1044 1330 1096 nemini,
1352 1055 1400 1086 ut
1419 1045 1582 1102 opinor,

117 1110 310 1168 placebit.
372 1109 525 1167 Scripsi
554 1114 720 1164 γοητῶν,
753 1111 880 1154 debui
910 1112 1048 1154 forsan
1078 1117 1246 1166 γοατῶν,
1272 1114 1442 1170 genitiV.
1474 1130 1528 1157 sc.
1558 1130 1585 1156 a

119 1179 275 1234 γοάτης.
338 1178 450 1220 Olim
480 1178 718 1235 suspicabar
738 1180 892 1234 γοήτων
911 1190 1149 1238 corruptam
1181 1181 1309 1224 fuisse
1338 1198 1390 1224 ex
1418 1182 1581 1235 βοητόν,

118 1247 233 1304 quod
254 1246 457 1303 glossema
474 1246 602 1288 fuerit
621 1250 704 1298 τοῦ,
728 1247 927 1301 κρεκτόν.”
958 1249 1191 1292 BLOMF.
1236 1249 1335 1292 Alia
1354 1250 1585 1294 scholiastae

118 1315 331 1358 annotatio
361 1315 453 1357 haec
483 1324 557 1367 est,
590 1317 689 1368 ὁμοῦ
720 1316 947 1369 μεθήσομεν
975 1317 1045 1359 τὸν
1080 1318 1242 1371 κρεκτὸν
1272 1318 1427 1373 γοήτων
1461 1318 1585 1373 νόμον

121 1387 238 1441 (ὁμοῦ
256 1384 476 1436 τεθήσομεν
495 1387 573 1425 τῶν
593 1387 763 1434 κρεκτῶν
781 1383 937 1438 γοήτων
958 1384 1090 1438 νόμων
1109 1386 1175 1428 ed.
1197 1387 1417 1442 Robort.)‚
1439 1388 1462 1429 ὅ
1483 1389 1582 1436 ἐστι,

121 1454 184 1495 καὶ
202 1457 281 1494 τῶν
302 1454 461 1506 ἆγαθῶν
481 1452 527 1504 τῇ
557 1450 674 1494 πόλει
695 1454 978 1506 μεταδώσομεν
998 1455 1062 1496 καὶ
1082 1454 1154 1497 τὸν
1172 1454 1456 1510 Ἀγαμέμνονα
1476 1456 1586 1498 ἀκιν-

122 1523 244 1565 δύνως
263 1519 523 1574 θρηνήσομεν.

178 1590 275 1645 823.
297 1586 439 1643 νόμον]
462 1587 594 1640 νόμων
615 1589 679 1630 Μ.
702 1604 726 1630 a
746 1604 808 1645 pr.
826 1605 882 1631 m.
903 1600 944 1632 et
967 1591 1111 1648 Steph.

177 1656 416 1711 μεθήσομεν]
436 1656 689 1710 μεθέλσομεν
710 1658 823 1699 Rob.

177 1728 274 1781 825.
306 1723 500 1766 Alterum
523 1724 619 1776 ἐμὸν
638 1740 718 1767 om.
742 1725 854 1767 Rob.
908 1725 1149 1779 Scholiasta,
1172 1730 1221 1770 τὰ
1252 1733 1380 1773 καλῶς
1410 1731 1587 1782 ἀποβαί-

123 1811 244 1836 νοντα
272 1793 317 1834 τὸ
343 1793 438 1844 ἐμὸν
466 1791 599 1844 κέρδος
624 1794 748 1835 ἐστίν·
779 1798 855 1835 τῶν
873 1796 915 1836 δὲ
936 1796 1024 1848 περὶ
1043 1794 1242 1850 Ὀρέστην
1271 1798 1333 1839 καὶ
1358 1797 1587 1852 Ἠλέκτραν

123 1861 338 1914 ἀπαλλαγὴ
359 1862 461 1912 ἄτης.

182 1930 277 1970 826.
300 1929 390 1983 ἄτα]
417 1926 491 1980 ἄτῆ
511 1929 575 1969 Μ.
609 1929 681 1981 ἄτη
702 1929 813 1971 Rob.

181 1996 417 2050 ἀποστατεῖ]
456 1998 654 2038 Seorsum
689 2003 786 2039 stat.
839 1997 1045 2040 Stanleius
1080 1999 1240 2042 confert
1271 2002 1426 2058 Agam.
1462 2012 1586 2058 1073.

124 2066 229 2106 ἆλκᾰ
248 2064 281 2105 δ’
302 2066 392 2108 ἑκὰς
411 2065 641 2106 ἀποστατεῖ.
695 2064 762 2106 Sic
793 2066 923 2107 Eum.
945 2077 1044 2120 417.
1067 2066 1216 2120 Πρόσω
1238 2070 1396 2111 δικαίων
1416 2068 1472 2121 ἥδ’
1491 2071 1588 2111 ἀπο·

124 2137 266 2174 στατεῖ
282 2132 405 2184 θέμις.
434 2133 666 2174 BLOMF.

182 2201 280 2255 827.
308 2201 420 2256 ὅταν]
440 2200 496 2242 ὅτ’
518 2201 568 2243 ἂν
589 2202 656 2243 Μ.
678 2201 780 2243 Ald.
804 2203 914 2245 Rob.
965 2203 1082 2246 Huic
1102 2205 1239 2247 versui
1261 2206 1343 2260 θέρ.
1366 2206 1587 2263 praefixum

122 2269 166 2311 in
186 2269 298 2311 Rob.
331 2268 573 2318 Scholiasta,
588 2270 618 2310 ὦ
633 2268 823 2322 Ὀρέστα,
845 2271 896 2312 σὺ
916 2272 959 2312 δὲ
979 2275 1132 2326 θαρρῶν
1153 2274 1239 2325 ἐμοὶ
1260 2273 1401 2316 τέκνον
1417 2275 1589 2330 θροούσῃ

122 2337 220 2391 πρὸς
239 2338 289 2378 σὲ
307 2337 455 2391 πατρὸς
474 2337 610 2389 αὐδὰν,
633 2338 656 2378 ὅ
681 2339 808 2389 ἐστιν,
826 2339 878 2382 ὡς
901 2339 951 2380 ἂν
972 2341 1007 2381 εἰ
1026 2341 1152 2394 πατὴρ
1174 2343 1470 2395 συμβουλεύσῃ,
1493 2343 1591 2385 ὅταν

123 2404 196 2461 ἥκῃ
218 2405 362 2457 καιρὸς,
384 2405 484 2460 ἔργῳ
506 2407 703 2458 ἐπιβαλοῦ
724 2406 1062 2459 ἐπικαλεσάμενος
1087 2408 1132 2449 τὸ
1155 2411 1320 2451 εἴδωλον
1340 2414 1409 2452 τοῦ
1429 2409 1589 2464 πατρός·

124 2470 300 2526 πρόσεχε
320 2473 364 2513 δὲ
385 2473 499 2524 κάμοὶ
519 2475 849 2531 συμβουλευούσῃ
878 2491 944 2517 σοι
975 2476 1039 2517 οἷα
1063 2476 1202 2530 πατήρ.
1233 2477 1353 2531 μέρος
1383 2479 1535 2533 ἔργων;
1568 2481 1590 2520 ὁ

128 2539 261 2592 καιρὸς
281 2543 350 2581 τοῦ
371 2540 500 2594 ἔργου.

183 2607 275 2663 ἥκῃ]
299 2607 384 2658 ἥκει
403 2607 508 2650 Ald.

187 2676 282 2719 828.
317 2675 512 2732 ἐπαΰσας]
545 2676 719 2721 ἔπαυσας
744 2678 886 2721 Guelf.
909 2679 1012 2721 Ald.
1059 2681 1239 2732 ε’σβύσας
1267 2681 1400 2723 codex
1427 2683 1593 2725 Robor-

129 2743 227 2786 telli.

186 2813 359 2867 θροούσᾳ
378 2821 569 2869 separato
589 2827 710 2854 versu
731 2813 930 2871 scriptum
951 2814 992 2856 in
1016 2816 1083 2857 Μ.
1104 2824 1146 2858 et
1165 2816 1264 2858 edd.
1286 2827 1389 2860 vett.
1422 2822 1596 2872 θροοῦσα

130 2879 273 2921 Guelf.
295 2879 397 2922 Ald.
438 2882 588 2937 θρούσα
608 2881 719 2923 Rob.
756 2883 927 2940 θροούσῃ
949 2884 1087 2925 Turn.
1130 2888 1159 2909 “
1175 2886 1387 2942 Apertum
1413 2888 1515 2938 est‚''
1534 2887 1597 2930 in-

127 2946 222 3002 quit
243 2947 452 2991 Seidlerus
471 2948 524 2991 de
545 2949 680 2992 Verss.
703 2950 884 2993 Dochm.
906 2966 947 3008 p.
968 2953 1066 3004 406.
1090 2951 1313 2996 “librariis
1331 2954 1472 2998 deberi
1498 2971 1594 3015 pra-
