1962 3224
592 187 682 228 AD
714 186 1251 228 AGAMEMNONEM.
1571 186 1657 230 419

251 311 371 352 1444.
391 309 512 353 1445.
533 297 633 338 citat
654 295 816 338 Tzetza
836 295 890 337 ad
913 295 1129 353 Lycophr.
1151 297 1251 348 426.

252 380 373 419 ¹444·
404 366 543 407 κύκνου
572 364 700 419 δίκην]
724 364 836 405 Nota
857 362 1109 420 superstitio.
1143 362 1265 405 Plato
1285 362 1434 406 Phaed.
1462 377 1503 419 p.
1527 363 1583 415 84
1603 364 1655 405 E.

187 433 265 482 καὶ,
287 435 338 477 ὣς
357 433 474 483 ἔοικε,
490 436 568 474 τῶν
589 433 738 473 κύκνων
757 434 856 472 δοκῶ
877 429 1122 485 φαυλότερος
1136 433 1228 484 ὑμῖν
1246 430 1348 473 εἶναι
1367 431 1440 483 τὴν
1455 431 1657 484 μαντικήν·

182 502 236 550 οἳ,
261 503 420 543 ἐπειδὰν
441 503 656 542 αἴσθωνται
676 500 736 540 ὅτι
765 503 828 541 δεῖ
852 499 991 543 αὐτοὺς
1017 500 1249 550 ἀποθανεῖν,
1273 498 1436 554 ᾄδοντες
1458 499 1522 540 καὶ
1543 500 1588 540 ἐν
1607 501 1660 555 τῷ

185 567 362 622 πρόσθεν
390 567 534 625 χρόνῳ,
567 566 655 610 τότε
685 568 731 619 δὴ
761 571 933 609 πλεῖστα
966 567 1030 609 καὶ
1058 567 1238 619 μάλιστα
1275 568 1318 622 (l.
1359 567 1568 609 κάλλιστα.
1604 566 1659 608 cf.

188 639 360 679 Porson.
382 637 435 678 ad
458 636 664 678 Phoeniss.
687 637 801 690 878.)
827 634 980 691 ᾄδουσι,
1005 634 1219 690 γεγηθότες
1248 636 1309 677 ὅτι
1333 636 1531 688 μέλλουσι
1554 637 1662 688 παρὰ

185 705 258 747 τὸν
278 706 372 748 θεὸν
388 704 566 756 ἀπιέναι,
585 704 706 758 οὗπέρ
731 707 809 746 εἶσι
830 703 1079 758 θεράποντες.
1103 704 1288 761 Oppian.
1311 706 1475 762 Cyneg.
1499 717 1539 754 2,
1558 714 1658 760 547.

187 774 258 815 οὐκ
278 774 356 827 ἄρα
381 790 440 815 τοι
462 774 670 826 μούνοισιν
688 774 734 815 ἐν
754 774 988 827 ὀρνίθεσσιν
1009 772 1099 814 ἔασι
1120 773 1266 814 Κύκνοι
1293 771 1543 825 μαντιπόλοι,
1565 770 1663 826 γόον

187 843 361 884 ὕστατον
389 842 602 885 ἀείδοντες.
660 840 839 883 Confert
870 840 1054 883 Fischer.
1087 841 1220 883 Cicer.
1253 842 1384 883 Tusc.
1419 855 1455 893 1,
1487 854 1558 897 30.
1592 840 1664 882 ubi

193 909 280 950 vid.
302 909 444 951 Davis.
482 908 639 950 AElian.
663 910 723 950 H.
739 910 796 951 A.
818 924 861 967 5,
881 922 950 965 34.
995 908 1062 950 Sic
1084 908 1209 951 ovid,
1232 907 1412 953 Heroid.
1437 922 1478 963 7,
1500 923 1536 951 1.
1572 909 1662 959 Sic,

192 978 265 1019 uhi
277 978 389 1034 fizta
419 983 583 1027 vocant,
614 978 712 1019 udis
734 978 918 1034 aly'ectus
943 978 991 1018 in
1020 977 1175 1028 herbis,
1202 978 1273 1019 Ad
1303 978 1415 1019 vada
1443 978 1665 1020 Mcmndri

187 1047 375 1087 concinit
403 1045 523 1087 albus
542 1046 645 1087 olor.
708 1045 776 1086 De
807 1060 1032 1102 cycnorum
1063 1054 1188 1087 cantu
1210 1045 1396 1087 libellum
1423 1045 1666 1103 conscripsit

189 1115 289 1156 Jac.
313 1113 580 1155 Thomasius.
612 1113 846 1155 BLOMF.

257 1184 379 1235 1446.
430 1180 630 1236 Φιλήτωρ]
672 1182 894 1223 Amutrioe.
946 1181 1127 1234 ἐραστής.
1178 1181 1366 1238 Hesych.
1413 1183 1564 1224 Strabo
1600 1195 1664 1224 10.

194 1265 236 1307 p.
258 1250 357 1303 484.
379 1249 432 1290 de
453 1248 736 1291 Cretensibus.
766 1248 837 1290 τὸν
865 1249 940 1300 μὲν
971 1250 1170 1302 ἐρώμενον
1197 1254 1366 1292 καλοῦσι
1394 1251 1570 1299 κλεινὸν,
1595 1251 1667 1292 τὸν

190 1316 226 1360 δ’
258 1317 441 1371 ἐραστὴν,
476 1314 686 1370 φιλήτορα.
748 1316 949 1358 Absurde
978 1316 1142 1358 derivat
1172 1317 1390 1360 scholiasta
1419 1334 1445 1360 a
1475 1320 1596 1373 φίλος
1625 1327 1667 1360 et

193 1385 301 1440 ἦτορ.
335 1384 562 1426 BLOMF.
595 1383 772 1438 φιλήτως
792 1383 858 1426 Fl.

258 1463 380 1507 1447.
399 1451 693 1507 παροψώνημα]
716 1453 948 1509 opsonium
967 1452 1287 1495 clandestinum.
1310 1454 1531 1511 Aristoph.
1552 1455 1667 1496 Eccl.

199 1522 294 1566 226.
325 1522 486 1575 μοιχοὺς
517 1520 681 1574 ἔχουσιν
709 1521 837 1571 ἔνδον,
859 1521 994 1574 ὥσπερ
1024 1521 1088 1562 καὶ
1117 1525 1275 1574 προτοῦ.
1307 1523 1448 1566 Αὐτοῖς
1478 1527 1668 1577 παροψω-

197 1592 352 1641 νοῦσιν,
392 1590 526 1642 ὥσπερ
566 1589 630 1631 καὶ
669 1591 826 1642 προτοῦ.
871 1588 944 1630 ubi
987 1588 1114 1630 schol.
1153 1589 1243 1631 ἀντὶ
1280 1593 1349 1631 τοῦ
1385 1590 1517 1644 λάθρα
1556 1592 1667 1645 ὀψω-

197 1661 326 1701 νοῦσι.
377 1657 537 1699 Athen.
577 1670 618 1709 4.
658 1672 698 1713 p.
739 1668 833 1710 171.
875 1657 927 1699 Β.
974 1662 1234 1711 παροψωνεῖν
1282 1659 1313 1699 δ’
1356 1659 1434 1712 ἔφη
1475 1663 1670 1712 Κρατῖνος

194 1730 245 1770 ἐν
285 1727 602 1779 Κλεοβουλίναις
649 1727 783 1769 οὕτως.
856 1726 998 1767 Locus
1045 1725 1266 1768 intercidit.
1332 1729 1541 1785 Apprime
1585 1729 1670 1770 huc

198 1796 297 1838 facit
327 1794 545 1851 Aristoph.
578 1792 757 1835 Daedalo
788 1808 856 1849 ap.
888 1793 1048 1835 Athen.
1071 1807 1113 1849 9.
1143 1809 1185 1851 p.
1214 1795 1316 1850 368.
1340 1796 1391 1838 C.
1420 1796 1570 1840 πάσαις
1602 1814 1670 1850 γυ-

199 1863 332 1916 ναιξὶν
352 1866 394 1915 ἐξ
415 1863 503 1906 ἑνός
520 1879 570 1916 γε
587 1865 657 1904 τοῦ
682 1862 842 1915 τρόπου,
857 1860 1021 1915 Ὥσπερ
1050 1863 1228 1915 παροψὶς
1255 1863 1398 1918 μοιχὸς
1428 1864 1670 1916 ἐσκευασμέ-

196 1950 279 1977 νος.
339 1933 504 1988 Nempe
536 1931 713 1984 παροψίς
741 1939 829 1970 erat
858 1929 1064 1970 ferculum
1095 1929 1336 1982 delicatum,
1373 1931 1488 1987 quod
1518 1942 1671 1988 praeter

200 2000 343 2042 solitos
371 2000 486 2041 cibos
519 1998 814 2055 apponebant3
862 1997 1038 2048 Gallice,
1070 2004 1301 2040 entremets.
1365 2000 1540 2042 Sotades
1568 2000 1671 2042 ibid.

201 2069 379 2122 παροψὶς
410 2067 511 2109 εἶναι
541 2067 733 2120 φαίνομαι
762 2068 815 2120 τῷ
847 2068 1066 2122 Κρωβύλῳ,
1099 2071 1254 2109 Τοῦτον
1283 2072 1470 2120 μασᾶται,
1497 2086 1673 2122 παρακα-

204 2138 352 2179 τεσθίει
371 2135 402 2178 δ’
426 2135 509 2188 ἐμέ.
531 2136 562 2176 J
566 2150 689 2176 uven.
710 2148 749 2190 3,
768 2147 861 2186 142.
881 2149 1007 2191 quam
1027 2136 1160 2177 multa
1179 2150 1420 2193 onagnaque
1445 2137 1674 2194 paropside

198 2206 373 2246 comat?
403 2203 609 2244 Eamdem
631 2202 712 2243 vim
735 2202 886 2244 exserit
911 2203 1150 2259 praepositio
1179 2207 1286 2258 παρὰ
1315 2205 1356 2246 in
1388 2205 1671 2258 παρεμπολάω.

204 2273 354 2329 Eur-ip.
377 2271 495 2314 Med.
517 2272 618 2326 906.
679 2270 813 2311 Haud
835 2270 940 2312 male
961 2271 1190 2324 scholiasta,
1213 2274 1504 2327 παροψώνημα.
1537 2274 1609 2325 τὴν
1631 2275 1674 2315 ἐκ

204 2340 431 2392 περιουσίας
450 2337 612 2392 τρυφήν.
646 2337 780 2379 Clem.
804 2337 931 2380 Alex.
955 2339 1106 2381 Strotn.
1132 2340 1170 2380 6.
1194 2355 1236 2396 p.
1258 2341 1358 2395 695.
1390 2340 1454 2381 καὶ
1482 2342 1550 2391 τῆς
1578 2339 1673 2381 Ἐλ-

205 2407 364 2457 ληνικῆς
394 2405 610 2458 ἐφάπτεται
640 2405 898 2458 φιλοσοφίας,
930 2406 995 2449 οἶα
1025 2405 1248 2459 τρωγάλιόν
1276 2423 1313 2448 τι
1349 2407 1413 2448 ἐπὶ
1445 2409 1498 2462 τῷ
1529 2407 1673 2462 δείπνῳ

207 2473 508 2526 παροψώμενος.
541 2473 777 2513 BLOMF.

268 2541 423 2595 χλιδῆς]
446 2541 564 2597 χλιδῇ
586 2540 871 2597 Musgravius.

272 2609 603 2661 1448—1454=
618 2608 913 2661 1468—1474.

272 2685 350 2731 145
354 2675 525 2730 5—146
535 2688 548 2714 1
561 2674 768 2716 :excidit
787 2674 1086 2730 antistrophus.

275 2741 914 2797 1462—1467=1475—1480.

274 2811 912 2864 1481—1504=1505—1529.

274 2877 607 2934 1530—1536=
621 2877 781 2932 1560:
795 2877 918 2930 1566.

276 2957 380 3002 1537
395 2958 609 3001 -1550=
619 2943 771 2985 excidit
790 2943 1086 3000 antistrophus.

877 3025 902 3066 3
928 3026 953 3051 G
979 3024 1001 3051 2
