1962 3224
641 135 730 176 AD
763 133 1119 175 SUPPLICES.
1537 130 1623 173 605

151 248 355 291 vocabulo
375 247 592 290 scholiasta
608 246 775 300 utitur.)
798 250 880 290 τοῖς
900 244 1233 298 δυσπαρθέλκτοις
1250 244 1364 286 Rob.
1387 246 1432 286 ἐν
1453 247 1626 297 δυσπαρ-

154 317 330 362 θέλκτοις
350 317 486 359 Turn.
510 314 655 372 Steph.
719 319 748 339 ‘⁶
771 313 1021 370 Legendum
1053 312 1413 367 δυσπαράθελκτος.
1475 312 1624 354 Nimi-

151 400 251 428 rum
270 385 392 427 Jovis
410 383 647 441 supplicum
673 382 878 439 prcesidis
908 383 978 422 ira
1006 382 1182 438 querelis
1211 381 1427 423 hominum
1458 382 1626 423 misero-

152 468 263 504 rum,
302 465 594 509 oppressorum
633 456 672 492 et
709 465 800 492 cum
841 451 1008 506 injuria
1047 450 1392 506 conflictantium,
1429 455 1625 491 constans

152 522 283 572 adest,
312 533 426 577 segre
455 518 539 574 (his
567 518 641 575 qui
667 533 737 559 eos
763 517 1075 571 contemserint)
1106 518 1341 574 placabilis.
1403 518 1530 559 Hanc
1558 533 1623 559 ra-

156 588 307 630 tionem
343 587 560 628 confirmat
594 585 829 627 scholiastes
864 585 920 627 sic
955 600 1194 642 exponens:
1240 590 1323 631 τοῖς
1357 585 1513 640 θρήνοις
1548 590 1626 628 τῶν

157 656 397 710 πασχόντων
417 658 620 709 συμμαχεῖ
638 655 659 695 ὁ
679 657 748 695 τοῦ
764 653 862 697 Διὸς
880 655 1017 709 χόλος.
1053 655 1114 695 Et
1134 654 1207 710 qui
1229 654 1271 697 h.
1293 654 1320 696 l.
1341 654 1495 696 dicitur
1516 655 1628 699 κότος

157 722 515 776 δυσπαράθελκτος,
528 722 637 764 idem
651 737 688 762 v.
697 722 796 777 358.
810 722 941 778 [346.]
953 722 1079 775 βαρὺς
1092 723 1202 767 κότος
1217 723 1479 765 vocabatur.”
1493 724 1626 765 SCH.

216 792 316 848 388.
349 793 454 847 νόμῳ
483 792 638 834 πόλεως
667 791 892 845 φάσκοντες
916 792 1113 845 ἐγγύτατα
1139 791 1282 845 γένους
1303 792 1419 848 εἶναι]
1441 791 1628 849 Respicit

157 859 292 917 legem
322 859 428 901 hanc
448 859 636 901 Atticam
666 862 868 913 προσῆκον
889 859 990 901 εἶναι
1019 860 1155 904 αὐταῖς
1182 862 1282 912 μετὰ
1311 865 1389 902 τῶν
1417 860 1629 915 χρημάτων

159 930 212 984 τῷ
249 929 444 981 ἐγγύτατα
476 926 616 981 γένους
644 932 855 979 συνοικεῖν,
887 927 1002 985 apud
1034 928 1190 970 Isaeum
1225 930 1284 985 (p.
1317 940 1413 984 257.
1445 927 1626 981 Reisk.).

163 994 323 1037 Solonis
355 995 482 1037 fuisse
521 996 648 1038 tradit
679 995 894 1038 Diodorus
926 995 1126 1038 Biblioth.
1163 1009 1227 1048 12,
1259 997 1323 1038 18.
1360 997 1521 1039 ἐκέλευε
1550 999 1628 1050 γὰρ

165 1063 329 1118 (Solon)
346 1065 393 1120 τῇ
411 1062 635 1120 Ἐπικλήρῳ
652 1064 942 1114 ἐπιδικάζεσθαι
955 1064 1025 1106 τὸν
1041 1065 1208 1119 ἔγγιστα
1227 1064 1381 1119 γένους.
1403 1066 1568 1107 STAN
1573 1066 1627 1107 L.

216 1130 317 1186 389.
338 1131 397 1174 τίς
416 1130 482 1186 ἂν]
511 1133 566 1174 τίς
585 1130 615 1172 δ’
639 1131 689 1173 ἂν
710 1133 776 1174 Μ.
800 1131 944 1174 Guelf.
966 1132 1069 1174 Ald.

217 1197 358 1254 τοῖσδ’]
380 1199 439 1243 τίς
458 1198 489 1240 δ’
512 1199 657 1241 Guelf.
679 1199 783 1242 Ald.
816 1217 872 1245 τις
894 1201 1032 1242 Turn.

218 1270 352 1327 θέλοι]
375 1264 486 1315 θέλεοῖ
506 1273 574 1314 Μ.

214 1352 314 1395 390.
345 1341 529 1395 φεύγειν]
564 1341 770 1382 Canterus
799 1342 970 1395 φαίνειν.
1033 1343 1188 1384 Verum
1220 1343 1288 1385 hic
1312 1344 1479 1397 φεύγειν
1499 1343 1629 1400 accipi

159 1407 327 1449 videtur
360 1422 482 1449 sensu
516 1407 685 1460 forensi,
720 1411 831 1466 quod
861 1412 900 1452 ei
931 1417 1092 1453 actores
1124 1412 1173 1452 in
1204 1418 1244 1454 te
1277 1412 1386 1453 hane
1415 1412 1531 1454 litem
1560 1413 1629 1453 in-

162 1481 331 1527 tentent,
362 1482 522 1533 oportet
550 1478 691 1519 instar
712 1491 811 1530 rece,
836 1479 914 1520 Ῑιαε
947 1479 1185 1536 defensione
1213 1481 1295 1531 uti,
1325 1481 1435 1538 quod
1462 1481 1629 1522 nullum

162 1545 209 1586 in
229 1545 355 1600 tejas
374 1544 565 1587 habeant.
598 1546 822 1589 STANL.

221 1614 318 1653 κατὰ
348 1612 489 1664 νόμους
517 1612 605 1656 τοὺς
634 1614 802 1666 οἴκοθεν,
832 1615 859 1657 i.
885 1631 926 1672 q.
957 1625 1079 1658 antea
1105 1617 1210 1673 νόμῳ
1239 1618 1407 1662 πόλεως.
1468 1618 1522 1660 Si
1547 1632 1631 1675 pa-

166 1678 317 1720 trueles
334 1679 412 1720 hac
430 1680 477 1720 in
497 1693 623 1721 causa
647 1681 704 1721 ad
731 1681 844 1739 leges
872 1684 993 1725 urbis
1020 1698 1110 1726 auce
1134 1692 1370 1742 provocent,
1392 1692 1512 1728 tuum
1535 1687 1630 1737 erit,

167 1751 215 1787 ut
233 1746 494 1798 demonstres,
511 1749 737 1790 secundum
759 1751 919 1793 easdem
942 1752 1038 1794 illas
1056 1752 1169 1809 leges
1187 1754 1446 1807 domesticas,
1465 1755 1631 1797 nullum

168 1814 215 1854 in
235 1819 274 1854 te
278 1811 359 1867 jus
377 1815 486 1870 ipsis
504 1823 741 1872 competere.
773 1819 906 1860 SCH.

225 1896 327 1939 391.
348 1884 502 1940 ἔχουσι]
525 1885 688 1939 ἔχουσιν
710 1887 778 1927 Μ.
802 1887 946 1930 Guelf.
969 1887 1071 1930 Ald.
1095 1888 1206 1930 Rob.

226 1955 753 2008 392—396=402-406.

228 2032 326 2075 392.
356 2020 409 2073 μή
438 2023 477 2063 τί
503 2020 588 2063 ποτ’
619 2023 690 2063 οὖν
715 2023 782 2064 Μ.
804 2022 916 2065 Rob.
939 2023 1086 2081 Steph.
1119 2023 1204 2076 μήτ’
1232 2026 1303 2067 οὖν
1331 2025 1416 2068 ποτ’
1438 2027 1508 2069 οὖν
1530 2026 1632 2069 Ald.

174 2088 260 2141 μήτ’
279 2090 365 2140 οὖν,
385 2089 439 2142 μή
457 2090 541 2130 ποτ’
563 2089 634 2131 οὖν
655 2090 791 2131 Turn.

230 2157 471 2213 ὑποχείριος]
493 2157 702 2212 ὖποχέριος
724 2158 791 2199 Μ.
814 2157 918 2200 Ald.

230 2237 327 2280 393.
349 2224 551 2280 κράτεσιν]
578 2225 789 2278 κράτεσσιν
808 2225 913 2267 Ald.
936 2228 1073 2270 Turn.

229 2293 447 2349 ὕπαστρον]
469 2293 722 2350 Metaphora
745 2309 771 2336 a
799 2294 937 2337 nautis
965 2296 1104 2339 ducta.
1164 2299 1421 2355 HesychiuS,
1447 2299 1636 2356 Ἀστροις

176 2364 447 2412 σημειοῦσθαι·
479 2363 631 2415 μακρὰν
651 2362 744 2404 ὁδὸν
765 2363 827 2404 καὶ
852 2363 997 2416 ἐρήμην
1014 2367 1203 2417 βαδίζειν,
1225 2368 1248 2420 ἡ
1269 2369 1312 2409 δὲ
1331 2372 1538 2423 μεταφορὰ
1558 2370 1636 2411 ἀπὸ

177 2431 255 2468 τῶν
282 2429 499 2470 πλεόντων.
533 2430 754 2471 STANL.
793 2432 861 2472 cui
891 2431 1077 2489 ὑπάστρῳ
1109 2434 1371 2477 scribendum
1403 2437 1635 2488 videbatur,

178 2494 294 2550 quod
332 2510 427 2536 cum
467 2500 573 2550 φυγῇ
612 2506 933 2541 construeretur.
995 2501 1077 2542 Sed
1112 2510 1249 2558 potest
1281 2504 1372 2561 pari
1405 2505 1503 2561 jure
1541 2521 1636 2548 cum

177 2563 322 2615 μῆχαρ.
351 2563 548 2616 ὕπαντρον
569 2565 664 2606 Par.

237 2639 335 2684 395.
357 2632 455 2685 396.
477 2630 770 2688 conjungendi,
791 2641 833 2674 et
851 2633 893 2674 in
914 2634 1174 2692 antistrophe
1191 2649 1292 2693 405.
1312 2641 1411 2691 406.

183 2765 228 2805 H
238 2707 337 2805 39ἰ5ιζ
367 2698 494 2753 φυγᾷ]
530 2699 654 2752 φυγαὶ
683 2700 748 2740 Μ.
770 2700 874 2742 Ald.
905 2704 1036 2756 φυγὰς
1065 2704 1175 2746 Rob.
1206 2709 1313 2763 φυγῇ
1335 2708 1473 2751 Turn.
1506 2712 1641 2763 φυγὰν

231 2773 296 2805 eat
327 2779 405 2806 lus.

238 2834 335 2887 396.
358 2836 464 2887 κρῖνε
483 2833 612 2886 σέβας
629 2834 674 2876 τὸ
694 2835 791 2889 πρὸς
811 2836 932 2893 θεῶν]
951 2837 1013 2880 vel
1035 2854 1129 2881 cum
1154 2841 1338 2884 Stanleio
1356 2843 1637 2889 reddendum:

166 2900 324 2956 judica
344 2907 479 2957 prout
508 2903 645 2959 eoeigit
671 2903 837 2946 deorum
858 2908 1123 2955 reverentia3
1156 2908 1232 2951 nisi
1252 2910 1581 2969 breviloquentia
1601 2924 1643 2957 te
