1962 3224
380 213 466 252 344
855 209 1347 251 ANNOTATIONES

381 325 507 381 Pyth.
533 338 598 374 11,
625 335 693 379 35.
726 339 806 365 non
840 325 937 365 item
972 338 1166 365 caussam.
1227 324 1378 364 Totam
1411 322 1593 364 fabulam
1630 324 1814 363 Homero

379 390 558 446 ignotam
579 390 703 431 fuisse
722 399 835 445 patet
854 405 903 431 ex
927 389 1046 431 Iliad.
1068 395 1100 439 I,
1121 401 1213 444 145.
1234 388 1347 444 quod
1367 389 1596 430 observavit
1616 389 1739 430 schol.
1760 388 1813 429 ad

380 457 527 498 locum.
559 458 786 497 BLOMF.

440 535 531 577 153.
564 522 779 576 σύμφυτον]
813 524 1046 575 συγγενικὴν
1077 521 1253 578 explicat
1284 521 1508 564 scholiasta,
1568 527 1597 548 “
1619 522 1813 578 Epitheta

378 588 445 629 hic
471 588 714 644 transposita
743 598 863 629 sunt:
895 603 988 629 nam
1020 589 1223 641 σύμφυτον
1251 598 1292 630 et
1322 589 1366 629 οὐ
1396 587 1615 641 δεισήνορα,
1636 603 1730 643 quae
1760 588 1811 628 ad

381 654 537 697 νεικέων
573 655 734 711 proprie
770 654 988 711 pertinent,
1026 655 1079 695 ad
1118 654 1280 696 τέκτονα
1318 654 1631 704 transferuntur,
1672 654 1811 695 eadem

379 735 545 777 prorsus
564 719 794 776 hypallage,
815 735 897 775 qua
917 736 1040 776 supra
1059 735 1094 761 v.
1116 721 1185 773 48.
1206 733 1273 775 49.
1295 720 1512 761 habuimus
1534 722 1725 763 ἐκπατίοις
1745 721 1814 761 ἄλ-

380 804 470 840 γεσι
498 787 682 828 παίδων.”
711 789 899 828 ΗΕΑΤΗ.
955 787 1020 828 Sic
1041 787 1177 828 Theb.
1198 800 1294 841 340.
1321 788 1475 841 βλαχαὶ
1505 786 1535 828 δ’
1558 788 1814 838 αἱματόεσσαι

380 859 456 895 τῶν
491 855 776 905 ἐπιμαστιδίων.
809 853 1022 909 Aristoph.
1056 854 1151 894 Pac.
1189 865 1280 907 155.
1317 853 1608 906 χρυσοχάλινον
1637 852 1814 905 πάταγον

379 922 551 973 ψαλίων.
585 921 710 976 Soph.
737 921 883 975 Antig.
918 931 1012 974 793.
1044 924 1170 962 νεῖκος
1199 921 1348 971 ἀνδρῶν
1377 921 1573 970 ξύναιμον.
1635 919 1701 959 Sic
1729 919 1814 959 fere

377 986 491 1041 apud
513 986 732 1027 Horatium
756 987 979 1042 Tyrrhena
998 999 1147 1042 regum
1158 987 1384 1042 progenies
1403 999 1479 1040 pro
1501 985 1813 1040 Tyrrhenorum

378 1068 527 1109 regum
543 1055 779 1109 progenies.
812 1053 1040 1093 BLOMF.

440 1131 530 1173 154.
562 1120 607 1160 οὗ
636 1118 861 1174 δεισήνορα]
890 1118 956 1159 Sic
982 1117 1145 1158 videtur
1171 1132 1315 1158 vocare
1344 1116 1625 1157 mactationem
1649 1116 1815 1172 Iphige-

379 1185 473 1235 niae,
493 1199 587 1240 quae
607 1185 686 1225 fuit
706 1200 752 1225 ea
774 1194 819 1226 ut
846 1183 955 1224 omni
985 1183 1142 1239 pudore
1172 1191 1213 1223 et
1243 1183 1383 1224 timore
1411 1182 1597 1237 seposita,
1621 1182 1815 1238 Clytaem-

380 1261 515 1293 nestra
541 1261 679 1307 postea
709 1267 829 1292 suum
860 1250 1050 1292 maritum
1077 1249 1335 1290 interfecerit.
1368 1250 1625 1289 CASAUB.
1687 1249 1812 1289 Scho-

379 1318 509 1367 liasta,
531 1319 575 1359 οὐ
605 1318 855 1371 φοβουμένην
878 1316 901 1368 ἢ
932 1318 976 1359 οὐ
1006 1318 1195 1358 δείσασαν
1214 1316 1284 1357 τὸν
1308 1317 1439 1368 ἄνδρα.
1499 1316 1634 1356 Verba
1663 1316 1706 1355 οὗ
1738 1318 1814 1356 δει-

381 1384 529 1436 σήνορα
556 1383 690 1424 versui
719 1383 962 1439 praecedenti
992 1383 1182 1439 adjunxit
1207 1382 1496 1423 Lachmannus
1519 1397 1560 1438 p.
1583 1383 1653 1435 56.
1674 1381 1815 1422 addito

379 1453 516 1502 μῆτιντ
547 1465 631 1505 quo
652 1449 976 1504 Clytaemnestrae
995 1449 1152 1490 facinus
1173 1448 1437 1504 intelligatur.

438 1519 514 1570 γὰρ
533 1531 612 1559 om.
634 1516 699 1557 Fl.
725 1517 780 1557 T.

436 1585 675 1636 παλίνορσος
702 1584 837 1624 Turn.
868 1583 1008 1639 Steph.
1038 1584 1273 1635 παλίνορτος
1293 1583 1358 1623 Μ.
1381 1582 1446 1622 Fl.
1470 1582 1524 1621 Τ.
1546 1580 1689 1621 Guelf.
1710 1580 1813 1621 Ald.

381 1650 491 1691 Rob.
511 1660 618 1691 recte
637 1650 821 1691 fortasse.
853 1655 879 1674 “
896 1652 1038 1706 Etym.
1061 1651 1127 1690 M.
1149 1665 1189 1705 p.
1212 1650 1307 1702 648,
1333 1659 1398 1703 27.
1419 1649 1678 1700 παλίνορσος;
1711 1649 1816 1700 παρὰ

381 1717 425 1758 τὸ
452 1718 527 1769 ὅρω
557 1717 706 1769 γίνεται
733 1717 943 1769 ῥηματικὸν
972 1718 1096 1768 ὄνομα
1122 1716 1245 1768 ὀρτὸς,
1269 1716 1330 1756 καὶ
1357 1716 1590 1767 παλίνορτος
1617 1715 1735 1767 ἐχρῆν
1754 1716 1816 1754 διὰ

381 1787 447 1824 τοῦ
463 1800 485 1824 τ
503 1783 738 1836 γράφεσθαι,
761 1784 848 1836 οὐχὶ
868 1785 930 1824 διὰ
949 1786 1017 1824 τοῦ
1037 1783 1315 1834 σ.-σημαίνει
1336 1784 1377 1822 δὲ
1392 1782 1435 1821 τὸ
1457 1781 1750 1832 ὀπισθόρμητος,
1774 1781 1816 1820 ἐκ

380 1853 448 1890 τοῦ
467 1849 603 1899 πάλιν,
624 1853 691 1889 τοῦ
712 1850 968 1900 σημαίνοντος
987 1849 1030 1889 τὸ
1052 1850 1104 1891 εἷς
1124 1848 1306 1895 τούπίσω,
1331 1848 1391 1888 καὶ
1411 1851 1478 1887 τοῦ
1498 1848 1616 1899 ὄρσω,
1633 1848 1817 1886 Αἰολικοῦ

379 1915 606 1967 μέλλοντος.
651 1916 798 1956 Veram
821 1930 905 1955 esse
925 1915 1030 1955 hanc
1050 1913 1336 1970 etymologiam
1359 1921 1555 1954 monstrat
1574 1926 1654 1952 vox
1676 1916 1814 1952 παλιν-

380 1980 553 2034 ορμένος,
575 1980 693 2021 Iliad.
718 1984 766 2021 A.
787 1982 885 2036 326.
927 1982 979 2021 In
999 1980 1076 2021 hoc
1095 1979 1183 2020 loco
1203 1979 1366 2020 videtur
1387 1979 1610 2034 significare
1629 1978 1817 2018 resiliens

379 2049 425 2088 in
445 2053 569 2103 caput
587 2047 925 2103 Agamemnonis,
946 2045 1022 2086 nisi
1042 2045 1259 2101 legendum
1287 2060 1381 2086 cum
1413 2044 1608 2085 Schutzio
1633 2044 1818 2095 παλίνορ-

380 2130 467 2162 σον,
497 2115 683 2154 reducem
713 2113 1097 2170 Agamemnonem.”
1131 2113 1363 2153 BLOMF.
1425 2110 1539 2151 Male
1571 2109 1814 2151 Schutzius:

379 2195 473 2221 nam
503 2194 583 2220 non
614 2179 665 2219 de
695 2180 778 2219 sola
799 2179 1123 2234 Clytaemnestrae
1152 2178 1212 2219 ira
1242 2192 1372 2218 sermo
1402 2186 1478 2227 est,
1500 2175 1570 2217 sed
1605 2175 1817 2230 respicitur

381 2246 499 2287 simul
531 2246 583 2287 ad
614 2246 768 2301 priores
799 2244 1091 2300 Pelopidarum
1124 2244 1270 2293 caedes,
1307 2253 1351 2284 ut
1382 2257 1522 2284 sensus
1558 2242 1633 2282 sit:
1680 2248 1817 2283 manet

380 2327 538 2368 semper
553 2315 685 2353 denuo
703 2325 925 2366 resurgens
945 2312 1013 2350 ira
1027 2311 1247 2350 liberorum
1267 2310 1413 2350 ultrix.
1435 2308 1815 2348 WELLAUER.

442 2389 533 2434 155.
554 2382 664 2430 μῆνις
683 2377 947 2430 τεκνόποινος]
973 2377 1043 2416 Ira
1063 2385 1231 2431 propter
1251 2374 1374 2415 filiam
1396 2374 1655 2415 immolatam.

442 2447 533 2499 156.
564 2444 632 2495 ξὺν
654 2443 840 2496 μεγάλοις
869 2443 1045 2497 ἀγαθοῖς]
1081 2441 1223 2497 Trojae
1246 2441 1588 2497 expugnationem
1615 2439 1815 2495 intelligit.

382 2515 413 2536 “
430 2512 551 2551 Verte
571 2519 723 2560 autem,
744 2509 859 2555 talia,
880 2523 967 2548 una
986 2522 1077 2548 cum
1091 2508 1317 2562 proeclaris
1338 2509 1539 2548 exercitui
1554 2507 1814 2556 successibus,

371 2578 531 2631 fatalia
545 2578 730 2618 domibus
742 2575 1004 2624 Atridarum,
1021 2575 1071 2614 ab
1088 2574 1256 2615 alitibus
1275 2574 1321 2614 in
1341 2575 1489 2616 itinere
1509 2575 1625 2624 visis,
1642 2572 1817 2614 Calchas

373 2643 709 2699 pronuntiavit.''
739 2642 968 2683 BLOMF.

439 2709 675 2762 ἆπέκλαγξε]
701 2708 936 2758 ἆπέκλαιξεν
957 2707 1020 2747 Μ.
1045 2705 1188 2746 Guelf.
1211 2704 1310 2746 Ald.

442 2776 534 2829 158.
565 2773 792 2828 ὁμόφωνον]
825 2775 985 2829 Nempe
1014 2774 1167 2814 αἴλινον
1195 2774 1347 2813 αἴλινον
1373 2786 1593 2814 consonum
1624 2780 1709 2812 erat
1739 2774 1817 2813 τοῖς

382 2844 596 2896 μορσίμοις,
628 2850 669 2882 et
702 2841 746 2881 τὸ
779 2841 822 2882 εὖ
855 2839 1007 2886 νικάτω,
1044 2842 1125 2882 τοῖς
1154 2838 1340 2891 μεγάλοις
1371 2839 1542 2890 ἀγαθοῖς.
1583 2837 1812 2878 BLOMF.

383 2911 605 2962 ὁμόφρονον
626 2907 726 2947 Ald.
748 2907 857 2947 unde
877 2905 917 2945 in
940 2906 1071 2945 Turn.
1094 2904 1381 2959 interpolatum
1404 2905 1586 2956 ὁμόφρων
1604 2903 1670 2943 ὢν.
