<?xml version="1.0" encoding="UTF-8"?>
<!DOCTYPE html PUBLIC "-//W3C//DTD XHTML 1.0 Transitional//EN"
    "http://www.w3.org/TR/xhtml1/DTD/xhtml1-transitional.dtd">
<html xmlns="http://www.w3.org/1999/xhtml" xml:lang="en" lang="en">
 <head>
  <title>
</title>
<meta http-equiv="Content-Type" content="text/html;charset=utf-8" />
  <meta name='ocr-system' content='tesseract 3.04.00' />
  <meta name='ocr-capabilities' content='ocr_page ocr_carea ocr_par ocr_line ocrx_word'/>
</head>
<body>
  <div class='ocr_page' id='page_1' title='image "./p2tragoediaesupe02aescuoft_0284.png"; bbox 0 0 1962 3224; ppageno 0'>
   <div class='ocr_carea' id='block_1_1' title="bbox 380 181 1344 229">
    <p class='ocr_par' dir='ltr' id='par_1_1' title="bbox 380 181 1344 229">
     <span class='ocr_line' id='line_1_1' title="bbox 380 181 1344 229; baseline 0.005 -5"><span class='ocrx_word' id='word_1_1' title='bbox 380 181 464 224; x_wconf 88' lang='lat'>600</span> <span class='ocrx_word' id='word_1_2' title='bbox 849 186 936 226; x_wconf 90' lang='lat' dir='ltr'>AN</span> <span class='ocrx_word' id='word_1_3' title='bbox 943 186 1344 229; x_wconf 86' lang='lat' dir='ltr'>NOTATIONES</span> 
     </span>
    </p>
   </div>
   <div class='ocr_carea' id='block_1_2' title="bbox 366 294 1810 2618">
    <p class='ocr_par' dir='ltr' id='par_1_2' title="bbox 377 294 1810 483">
     <span class='ocr_line' id='line_1_2' title="bbox 433 294 1809 354; baseline 0.007 -20"><span class='ocrx_word' id='word_1_4' title='bbox 433 294 530 348; x_wconf 87' lang='lat'>318.</span> <span class='ocrx_word' id='word_1_5' title='bbox 562 297 691 346; x_wconf 84' lang='grc' dir='ltr'>Βῆλον</span> <span class='ocrx_word' id='word_1_6' title='bbox 721 297 893 351; x_wconf 86' lang='grc' dir='ltr'>δίπαιδα]</span> <span class='ocrx_word' id='word_1_7' title='bbox 927 297 1209 353; x_wconf 88' lang='lat' dir='ltr'>Apollodorus</span> <span class='ocrx_word' id='word_1_8' title='bbox 1229 311 1268 348; x_wconf 85' lang='lat'>2,</span> <span class='ocrx_word' id='word_1_9' title='bbox 1294 312 1328 340; x_wconf 91' lang='lat'>1.</span> <span class='ocrx_word' id='word_1_10' title='bbox 1363 299 1440 340; x_wconf 82' lang='grc' dir='ltr'>Καὶ</span> <span class='ocrx_word' id='word_1_11' title='bbox 1469 299 1569 354; x_wconf 79' lang='grc' dir='ltr'>αὐτῷ</span> <span class='ocrx_word' id='word_1_12' title='bbox 1594 299 1730 354; x_wconf 90' lang='lat' dir='ltr'>(Belo)</span> <span class='ocrx_word' id='word_1_13' title='bbox 1751 303 1809 354; x_wconf 82' lang='grc' dir='ltr'>γί-</span> 
     </span>
     <span class='ocr_line' id='line_1_3' title="bbox 378 363 1810 420; baseline 0.005 -19"><span class='ocrx_word' id='word_1_14' title='bbox 378 377 510 402; x_wconf 84' lang='grc' dir='ltr'>νονται</span> <span class='ocrx_word' id='word_1_15' title='bbox 536 365 670 405; x_wconf 83' lang='grc' dir='ltr'>παῖδες</span> <span class='ocrx_word' id='word_1_16' title='bbox 694 363 853 413; x_wconf 84' lang='grc' dir='ltr'>δίδυμοι,</span> <span class='ocrx_word' id='word_1_17' title='bbox 876 365 1070 416; x_wconf 81' lang='grc' dir='ltr'>Αἴγυπτος</span> <span class='ocrx_word' id='word_1_18' title='bbox 1099 365 1162 405; x_wconf 84' lang='grc' dir='ltr'>καὶ</span> <span class='ocrx_word' id='word_1_19' title='bbox 1183 367 1351 408; x_wconf 88' lang='grc' dir='ltr'>Δαναός·</span> <span class='ocrx_word' id='word_1_20' title='bbox 1383 367 1433 409; x_wconf 82' lang='grc' dir='ltr'>ὣς</span> <span class='ocrx_word' id='word_1_21' title='bbox 1452 366 1495 406; x_wconf 88' lang='grc' dir='ltr'>δέ</span> <span class='ocrx_word' id='word_1_22' title='bbox 1514 372 1636 419; x_wconf 88' lang='grc' dir='ltr'>φησιν</span> <span class='ocrx_word' id='word_1_23' title='bbox 1656 367 1810 420; x_wconf 82' lang='grc' dir='ltr'>Εὐριπί-</span> 
     </span>
     <span class='ocr_line' id='line_1_4' title="bbox 377 429 1417 483; baseline 0.005 -15"><span class='ocrx_word' id='word_1_24' title='bbox 377 430 455 478; x_wconf 84' lang='grc' dir='ltr'>δης,</span> <span class='ocrx_word' id='word_1_25' title='bbox 479 429 541 469; x_wconf 86' lang='grc' dir='ltr'>καὶ</span> <span class='ocrx_word' id='word_1_26' title='bbox 561 429 729 481; x_wconf 84' lang='grc' dir='ltr'>Κηφεὺς,</span> <span class='ocrx_word' id='word_1_27' title='bbox 753 430 814 470; x_wconf 88' lang='grc' dir='ltr'>καὶ</span> <span class='ocrx_word' id='word_1_28' title='bbox 834 430 973 473; x_wconf 83' lang='grc' dir='ltr'>Φινεὺς</span> <span class='ocrx_word' id='word_1_29' title='bbox 992 430 1165 483; x_wconf 86' lang='grc' dir='ltr'>προσέτι.</span> <span class='ocrx_word' id='word_1_30' title='bbox 1198 432 1417 473; x_wconf 90' lang='lat' dir='ltr'><strong>STANL.</strong></span> 
     </span>
    </p>

    <p class='ocr_par' dir='ltr' id='par_1_3' title="bbox 433 493 1559 550">
     <span class='ocr_line' id='line_1_5' title="bbox 433 493 1559 550; baseline 0.004 -16"><span class='ocrx_word' id='word_1_31' title='bbox 433 493 582 546; x_wconf 82' lang='grc' dir='ltr'>πατέρα</span> <span class='ocrx_word' id='word_1_32' title='bbox 600 493 722 549; x_wconf 72' lang='grc' dir='ltr'>τοῦδ’]</span> <span class='ocrx_word' id='word_1_33' title='bbox 744 495 888 547; x_wconf 84' lang='grc' dir='ltr'>πατρὸς</span> <span class='ocrx_word' id='word_1_34' title='bbox 907 495 1007 536; x_wconf 77' lang='grc' dir='ltr'>τοῦδ’</span> <span class='ocrx_word' id='word_1_35' title='bbox 1031 496 1132 537; x_wconf 92' lang='lat' dir='ltr'>Ald.</span> <span class='ocrx_word' id='word_1_36' title='bbox 1162 498 1306 550; x_wconf 86' lang='grc' dir='ltr'>πατρὸς</span> <span class='ocrx_word' id='word_1_37' title='bbox 1325 498 1402 539; x_wconf 85' lang='grc' dir='ltr'>οὐδ’</span> <span class='ocrx_word' id='word_1_38' title='bbox 1425 500 1559 539; x_wconf 85' lang='lat' dir='ltr'>Turn.</span> 
     </span>
    </p>

    <p class='ocr_par' dir='ltr' id='par_1_4' title="bbox 432 561 1155 619">
     <span class='ocr_line' id='line_1_6' title="bbox 432 561 1155 619; baseline 0.003 -17"><span class='ocrx_word' id='word_1_39' title='bbox 432 575 528 616; x_wconf 86' lang='lat'>319.</span> <span class='ocrx_word' id='word_1_40' title='bbox 549 561 773 616; x_wconf 88' lang='grc' dir='ltr'>πάνσοφον]</span> <span class='ocrx_word' id='word_1_41' title='bbox 796 563 939 604; x_wconf 88' lang='lat' dir='ltr'>Lectio</span> <span class='ocrx_word' id='word_1_42' title='bbox 960 573 1155 619; x_wconf 85' lang='lat' dir='ltr'>suspecta.</span> 
     </span>
    </p>

    <p class='ocr_par' dir='ltr' id='par_1_5' title="bbox 431 629 1736 685">
     <span class='ocr_line' id='line_1_7' title="bbox 431 629 1736 685; baseline 0.002 -16"><span class='ocrx_word' id='word_1_43' title='bbox 431 641 527 682; x_wconf 86' lang='grc'><strong>320.</strong></span> <span class='ocrx_word' id='word_1_44' title='bbox 552 630 719 672; x_wconf 85' lang='grc' dir='ltr'>Δαναός·</span> <span class='ocrx_word' id='word_1_45' title='bbox 742 629 914 682; x_wconf 84' lang='grc' dir='ltr'>ἀδελφὸς</span> <span class='ocrx_word' id='word_1_46' title='bbox 934 629 965 670; x_wconf 91' lang='grc' dir='ltr'>δ’</span> <span class='ocrx_word' id='word_1_47' title='bbox 990 629 1179 685; x_wconf 84' lang='lat' dir='ltr'>Scaliger.</span> <span class='ocrx_word' id='word_1_48' title='bbox 1212 631 1371 674; x_wconf 89' lang='grc' dir='ltr'>Δαναὸς</span> <span class='ocrx_word' id='word_1_49' title='bbox 1390 631 1420 672; x_wconf 91' lang='grc' dir='ltr'>δ’</span> <span class='ocrx_word' id='word_1_50' title='bbox 1443 633 1614 685; x_wconf 85' lang='grc' dir='ltr'>ἀδελφός</span> <span class='ocrx_word' id='word_1_51' title='bbox 1636 631 1736 672; x_wconf 85' lang='lat' dir='ltr'>libri.</span> 
     </span>
    </p>

    <p class='ocr_par' dir='ltr' id='par_1_6' title="bbox 431 695 1238 750">
     <span class='ocr_line' id='line_1_8' title="bbox 431 695 1238 750; baseline 0.002 -15"><span class='ocrx_word' id='word_1_52' title='bbox 431 695 776 750; x_wconf 86' lang='grc' dir='ltr'>πεντηκοστόπαις]</span> <span class='ocrx_word' id='word_1_53' title='bbox 798 698 1122 747; x_wconf 79' lang='grc' dir='ltr'>πεντηκοντάπαις</span> <span class='ocrx_word' id='word_1_54' title='bbox 1143 698 1238 737; x_wconf 89' lang='lat' dir='ltr'>Par.</span> 
     </span>
    </p>

    <p class='ocr_par' dir='ltr' id='par_1_7' title="bbox 430 762 1528 818">
     <span class='ocr_line' id='line_1_9' title="bbox 430 762 1528 818; baseline 0 -15"><span class='ocrx_word' id='word_1_55' title='bbox 430 774 668 817; x_wconf 78' lang='lat'>321—323.</span> <span class='ocrx_word' id='word_1_56' title='bbox 689 762 813 803; x_wconf 89' lang='lat' dir='ltr'>choro</span> <span class='ocrx_word' id='word_1_57' title='bbox 833 762 1073 803; x_wconf 88' lang='lat' dir='ltr'>continuant</span> <span class='ocrx_word' id='word_1_58' title='bbox 1092 763 1203 804; x_wconf 88' lang='lat' dir='ltr'><strong>Rob.</strong></span> <span class='ocrx_word' id='word_1_59' title='bbox 1226 764 1361 803; x_wconf 85' lang='lat' dir='ltr'>Turn.</span> <span class='ocrx_word' id='word_1_60' title='bbox 1385 763 1528 818; x_wconf 89' lang='lat' dir='ltr'>Steph.</span> 
     </span>
    </p>

    <p class='ocr_par' dir='ltr' id='par_1_8' title="bbox 375 827 1808 951">
     <span class='ocr_line' id='line_1_10' title="bbox 430 827 1808 882; baseline 0.001 -13"><span class='ocrx_word' id='word_1_61' title='bbox 430 840 526 881; x_wconf 81' lang='lat'>321.</span> <span class='ocrx_word' id='word_1_62' title='bbox 559 827 659 869; x_wconf 81' lang='grc' dir='ltr'>τοῦδ’</span> <span class='ocrx_word' id='word_1_63' title='bbox 688 829 821 881; x_wconf 80' lang='grc' dir='ltr'>ἄνοιγε</span> <span class='ocrx_word' id='word_1_64' title='bbox 854 829 1074 870; x_wconf 88' lang='lat' dir='ltr'>Porsonus.</span> <span class='ocrx_word' id='word_1_65' title='bbox 1124 832 1192 870; x_wconf 84' lang='grc' dir='ltr'>τοῦ</span> <span class='ocrx_word' id='word_1_66' title='bbox 1217 830 1400 882; x_wconf 84' lang='grc' dir='ltr'>δαναοίγε</span> <span class='ocrx_word' id='word_1_67' title='bbox 1430 830 1496 870; x_wconf 91' lang='grc' dir='ltr'>Μ.</span> <span class='ocrx_word' id='word_1_68' title='bbox 1532 830 1674 871; x_wconf 88' lang='lat' dir='ltr'>Guelf.</span> <span class='ocrx_word' id='word_1_69' title='bbox 1705 831 1808 872; x_wconf 90' lang='lat' dir='ltr'>Ald.</span> 
     </span>
     <span class='ocr_line' id='line_1_11' title="bbox 375 893 1405 951; baseline 0.002 -17"><span class='ocrx_word' id='word_1_70' title='bbox 375 893 483 934; x_wconf 88' lang='lat' dir='ltr'>Rob.</span> <span class='ocrx_word' id='word_1_71' title='bbox 516 897 584 935; x_wconf 86' lang='grc' dir='ltr'>τοῦ</span> <span class='ocrx_word' id='word_1_72' title='bbox 602 911 649 947; x_wconf 90' lang='grc' dir='ltr'>γε</span> <span class='ocrx_word' id='word_1_73' title='bbox 668 897 814 936; x_wconf 83' lang='grc' dir='ltr'>δαναοῦ</span> <span class='ocrx_word' id='word_1_74' title='bbox 835 896 967 935; x_wconf 86' lang='lat' dir='ltr'>Turn.</span> <span class='ocrx_word' id='word_1_75' title='bbox 991 895 1135 951; x_wconf 89' lang='lat' dir='ltr'>Steph.</span> <span class='ocrx_word' id='word_1_76' title='bbox 1402 923 1405 926; x_wconf 96' lang='lat'>-</span> 
     </span>
    </p>

    <p class='ocr_par' dir='ltr' id='par_1_9' title="bbox 373 960 1807 1084">
     <span class='ocr_line' id='line_1_12' title="bbox 430 960 1807 1019; baseline 0.004 -19"><span class='ocrx_word' id='word_1_77' title='bbox 430 960 590 1014; x_wconf 82' lang='grc' dir='ltr'>εὐφώνῳ</span> <span class='ocrx_word' id='word_1_78' title='bbox 610 962 717 1016; x_wconf 85' lang='grc' dir='ltr'>λόγῳ</span> <span class='ocrx_word' id='word_1_79' title='bbox 740 962 876 1002; x_wconf 88' lang='lat' dir='ltr'>Turn.</span> <span class='ocrx_word' id='word_1_80' title='bbox 905 961 1045 1017; x_wconf 86' lang='lat' dir='ltr'>Steph.</span> <span class='ocrx_word' id='word_1_81' title='bbox 1098 963 1228 1002; x_wconf 82' lang='lat' dir='ltr'>Recte</span> <span class='ocrx_word' id='word_1_82' title='bbox 1246 962 1406 1016; x_wconf 83' lang='grc' dir='ltr'>ἀφθόνῳ</span> <span class='ocrx_word' id='word_1_83' title='bbox 1428 962 1535 1003; x_wconf 89' lang='lat' dir='ltr'>Rob.</span> <span class='ocrx_word' id='word_1_84' title='bbox 1575 964 1719 1019; x_wconf 81' lang='grc' dir='ltr'>ἀφώνῳ</span> <span class='ocrx_word' id='word_1_85' title='bbox 1741 965 1807 1006; x_wconf 90' lang='grc' dir='ltr'>Μ.</span> 
     </span>
     <span class='ocr_line' id='line_1_13' title="bbox 373 1026 1454 1084; baseline 0.001 -17"><span class='ocrx_word' id='word_1_86' title='bbox 373 1026 478 1067; x_wconf 91' lang='lat' dir='ltr'>Ald.</span> <span class='ocrx_word' id='word_1_87' title='bbox 500 1036 541 1067; x_wconf 90' lang='lat' dir='ltr'>et</span> <span class='ocrx_word' id='word_1_88' title='bbox 560 1026 730 1068; x_wconf 81' lang='lat' dir='ltr'>fortasse</span> <span class='ocrx_word' id='word_1_89' title='bbox 750 1029 845 1068; x_wconf 87' lang='lat' dir='ltr'>Par.</span> <span class='ocrx_word' id='word_1_90' title='bbox 866 1043 919 1069; x_wconf 86' lang='lat' dir='ltr'>ex</span> <span class='ocrx_word' id='word_1_91' title='bbox 937 1044 1022 1084; x_wconf 92' lang='lat' dir='ltr'>quo</span> <span class='ocrx_word' id='word_1_92' title='bbox 1041 1029 1210 1081; x_wconf 80' lang='grc' dir='ltr'>ἀφθῶνω</span> <span class='ocrx_word' id='word_1_93' title='bbox 1230 1037 1454 1069; x_wconf 84' lang='lat' dir='ltr'>enotatum.</span> 
     </span>
    </p>

    <p class='ocr_par' dir='ltr' id='par_1_10' title="bbox 428 1093 1111 1149">
     <span class='ocr_line' id='line_1_14' title="bbox 428 1093 1111 1149; baseline 0 -13"><span class='ocrx_word' id='word_1_94' title='bbox 428 1106 525 1148; x_wconf 85' lang='lat'>322.</span> <span class='ocrx_word' id='word_1_95' title='bbox 548 1093 761 1149; x_wconf 80' lang='grc' dir='ltr'>Αἴγυπτος]</span> <span class='ocrx_word' id='word_1_96' title='bbox 783 1097 981 1148; x_wconf 78' lang='grc' dir='ltr'>Αἴγυπτον</span> <span class='ocrx_word' id='word_1_97' title='bbox 1002 1095 1111 1136; x_wconf 89' lang='lat' dir='ltr'>Rob.</span> 
     </span>
    </p>

    <p class='ocr_par' dir='ltr' id='par_1_11' title="bbox 430 1160 1294 1216">
     <span class='ocr_line' id='line_1_15' title="bbox 430 1160 1294 1216; baseline 0.001 -15"><span class='ocrx_word' id='word_1_98' title='bbox 430 1161 540 1203; x_wconf 83' lang='grc' dir='ltr'>εἰδὼς</span> <span class='ocrx_word' id='word_1_99' title='bbox 559 1161 607 1216; x_wconf 78' lang='grc' dir='ltr'>δ’]</span> <span class='ocrx_word' id='word_1_100' title='bbox 629 1160 660 1202; x_wconf 88' lang='grc' dir='ltr'>δ’</span> <span class='ocrx_word' id='word_1_101' title='bbox 683 1163 791 1205; x_wconf 83' lang='grc' dir='ltr'>εἰδὼς</span> <span class='ocrx_word' id='word_1_102' title='bbox 811 1163 874 1202; x_wconf 93' lang='grc' dir='ltr'>Μ.</span> <span class='ocrx_word' id='word_1_103' title='bbox 898 1161 1041 1203; x_wconf 88' lang='lat' dir='ltr'>Guelf.</span> <span class='ocrx_word' id='word_1_104' title='bbox 1063 1161 1162 1202; x_wconf 91' lang='lat' dir='ltr'>Ald.</span> <span class='ocrx_word' id='word_1_105' title='bbox 1185 1161 1294 1202; x_wconf 88' lang='lat' dir='ltr'>Rob.</span> 
     </span>
    </p>

    <p class='ocr_par' dir='ltr' id='par_1_12' title="bbox 371 1227 1807 1351">
     <span class='ocr_line' id='line_1_16' title="bbox 427 1227 1807 1284; baseline 0.004 -17"><span class='ocrx_word' id='word_1_106' title='bbox 427 1239 525 1282; x_wconf 86' lang='lat'>323.</span> <span class='ocrx_word' id='word_1_107' title='bbox 547 1228 742 1279; x_wconf 83' lang='grc' dir='ltr'>ἀνστήσῃς</span> <span class='ocrx_word' id='word_1_108' title='bbox 762 1229 872 1270; x_wconf 88' lang='lat' dir='ltr'>Rob.</span> <span class='ocrx_word' id='word_1_109' title='bbox 896 1228 1037 1284; x_wconf 85' lang='lat' dir='ltr'>Steph.</span> <span class='ocrx_word' id='word_1_110' title='bbox 1083 1228 1283 1279; x_wconf 86' lang='grc' dir='ltr'>ἀνστήσας</span> <span class='ocrx_word' id='word_1_111' title='bbox 1310 1227 1468 1268; x_wconf 88' lang='lat' dir='ltr'>codices</span> <span class='ocrx_word' id='word_1_112' title='bbox 1486 1237 1527 1268; x_wconf 89' lang='lat' dir='ltr'>et</span> <span class='ocrx_word' id='word_1_113' title='bbox 1545 1228 1646 1270; x_wconf 93' lang='lat' dir='ltr'>Ald.</span> <span class='ocrx_word' id='word_1_114' title='bbox 1671 1231 1807 1272; x_wconf 86' lang='lat' dir='ltr'>Turn.</span> 
     </span>
     <span class='ocr_line' id='line_1_17' title="bbox 371 1294 1075 1351; baseline 0 -16"><span class='ocrx_word' id='word_1_115' title='bbox 371 1295 486 1350; x_wconf 92' lang='lat' dir='ltr'>quod</span> <span class='ocrx_word' id='word_1_116' title='bbox 506 1294 680 1346; x_wconf 87' lang='grc' dir='ltr'>ἀνθήσας</span> <span class='ocrx_word' id='word_1_117' title='bbox 700 1295 896 1351; x_wconf 89' lang='lat' dir='ltr'>scriptum</span> <span class='ocrx_word' id='word_1_118' title='bbox 918 1295 959 1336; x_wconf 91' lang='lat' dir='ltr'>in</span> <span class='ocrx_word' id='word_1_119' title='bbox 982 1297 1075 1336; x_wconf 84' lang='lat' dir='ltr'>Par.</span> 
     </span>
    </p>

    <p class='ocr_par' dir='ltr' id='par_1_13' title="bbox 371 1361 1809 1604">
     <span class='ocr_line' id='line_1_18' title="bbox 428 1361 1809 1416; baseline 0 -12"><span class='ocrx_word' id='word_1_120' title='bbox 428 1374 526 1416; x_wconf 83' lang='lat'>324.</span> <span class='ocrx_word' id='word_1_121' title='bbox 548 1361 683 1404; x_wconf 83' lang='grc' dir='ltr'>δοκεῖτ’</span> <span class='ocrx_word' id='word_1_122' title='bbox 706 1363 837 1416; x_wconf 86' lang='grc' dir='ltr'>ἔμοιγε</span> <span class='ocrx_word' id='word_1_123' title='bbox 858 1364 1077 1404; x_wconf 87' lang='lat' dir='ltr'>Porsonus.</span> <span class='ocrx_word' id='word_1_124' title='bbox 1117 1361 1264 1403; x_wconf 86' lang='grc' dir='ltr'>δοκεῖτέ</span> <span class='ocrx_word' id='word_1_125' title='bbox 1282 1379 1329 1415; x_wconf 93' lang='grc' dir='ltr'>γε</span> <span class='ocrx_word' id='word_1_126' title='bbox 1346 1378 1412 1413; x_wconf 87' lang='grc' dir='ltr'>μοι</span> <span class='ocrx_word' id='word_1_127' title='bbox 1430 1362 1537 1403; x_wconf 76' lang='lat' dir='ltr'>Rob,</span> <span class='ocrx_word' id='word_1_128' title='bbox 1580 1363 1726 1404; x_wconf 84' lang='grc' dir='ltr'>δοκεῖτέ</span> <span class='ocrx_word' id='word_1_129' title='bbox 1743 1380 1809 1414; x_wconf 89' lang='grc' dir='ltr'>μοι</span> 
     </span>
     <span class='ocr_line' id='line_1_19' title="bbox 373 1428 1807 1484; baseline 0.001 -15"><span class='ocrx_word' id='word_1_130' title='bbox 373 1429 438 1469; x_wconf 96' lang='grc' dir='ltr'>Μ.</span> <span class='ocrx_word' id='word_1_131' title='bbox 461 1428 554 1469; x_wconf 93' lang='lat' dir='ltr'>Ald.</span> <span class='ocrx_word' id='word_1_132' title='bbox 599 1431 746 1470; x_wconf 84' lang='grc' dir='ltr'>δοκεῖτε</span> <span class='ocrx_word' id='word_1_133' title='bbox 767 1428 812 1480; x_wconf 89' lang='grc' dir='ltr'>δή</span> <span class='ocrx_word' id='word_1_134' title='bbox 831 1446 898 1480; x_wconf 89' lang='grc' dir='ltr'>μοι</span> <span class='ocrx_word' id='word_1_135' title='bbox 915 1429 1046 1469; x_wconf 91' lang='lat' dir='ltr'>Turn.</span> <span class='ocrx_word' id='word_1_136' title='bbox 1071 1428 1212 1484; x_wconf 89' lang='lat' dir='ltr'>Steph.</span> <span class='ocrx_word' id='word_1_137' title='bbox 1246 1437 1353 1469; x_wconf 87' lang='lat' dir='ltr'>recte</span> <span class='ocrx_word' id='word_1_138' title='bbox 1382 1429 1565 1469; x_wconf 85' lang='lat' dir='ltr'>fortasse.</span> <span class='ocrx_word' id='word_1_139' title='bbox 1616 1430 1737 1470; x_wconf 86' lang='lat' dir='ltr'>Plato</span> <span class='ocrx_word' id='word_1_140' title='bbox 1755 1429 1807 1470; x_wconf 84' lang='lat' dir='ltr'>ab</span> 
     </span>
     <span class='ocr_line' id='line_1_20' title="bbox 372 1494 1808 1551; baseline 0.001 -15"><span class='ocrx_word' id='word_1_141' title='bbox 372 1495 690 1536; x_wconf 89' lang='lat' dir='ltr'>Wordswortho</span> <span class='ocrx_word' id='word_1_142' title='bbox 709 1495 855 1537; x_wconf 87' lang='lat' dir='ltr'>citatus</span> <span class='ocrx_word' id='word_1_143' title='bbox 885 1497 993 1551; x_wconf 86' lang='lat' dir='ltr'>Rep.</span> <span class='ocrx_word' id='word_1_144' title='bbox 1016 1507 1053 1536; x_wconf 86' lang='lat'>2.</span> <span class='ocrx_word' id='word_1_145' title='bbox 1083 1510 1125 1551; x_wconf 91' lang='lat' dir='ltr'>p.</span> <span class='ocrx_word' id='word_1_146' title='bbox 1145 1496 1241 1550; x_wconf 89' lang='lat'>368.</span> <span class='ocrx_word' id='word_1_147' title='bbox 1273 1498 1419 1535; x_wconf 85' lang='grc' dir='ltr'>δοκεῖτε</span> <span class='ocrx_word' id='word_1_148' title='bbox 1438 1494 1483 1546; x_wconf 90' lang='grc' dir='ltr'>δή</span> <span class='ocrx_word' id='word_1_149' title='bbox 1501 1512 1567 1546; x_wconf 88' lang='grc' dir='ltr'>μοι</span> <span class='ocrx_word' id='word_1_150' title='bbox 1586 1496 1637 1538; x_wconf 82' lang='grc' dir='ltr'>ὡς</span> <span class='ocrx_word' id='word_1_151' title='bbox 1655 1496 1808 1547; x_wconf 86' lang='grc' dir='ltr'>ἀληθῶς</span> 
     </span>
     <span class='ocr_line' id='line_1_21' title="bbox 371 1563 657 1604; baseline 0.003 -2"><span class='ocrx_word' id='word_1_152' title='bbox 371 1563 417 1603; x_wconf 83' lang='grc' dir='ltr'>οὗ</span> <span class='ocrx_word' id='word_1_153' title='bbox 437 1566 657 1604; x_wconf 86' lang='grc' dir='ltr'>πεπεῖσθαι.</span> 
     </span>
    </p>

    <p class='ocr_par' dir='ltr' id='par_1_14' title="bbox 426 1627 1207 1684">
     <span class='ocr_line' id='line_1_22' title="bbox 426 1627 1207 1684; baseline -0.003 -14"><span class='ocrx_word' id='word_1_154' title='bbox 426 1639 524 1684; x_wconf 84' lang='grc'><strong>327.</strong></span> <span class='ocrx_word' id='word_1_155' title='bbox 546 1628 667 1683; x_wconf 75' lang='grc' dir='ltr'>αἰόλ’]</span> <span class='ocrx_word' id='word_1_156' title='bbox 691 1629 790 1670; x_wconf 75' lang='grc' dir='ltr'>αἰον’</span> <span class='ocrx_word' id='word_1_157' title='bbox 811 1627 953 1669; x_wconf 84' lang='lat' dir='ltr'>Guelf.</span> <span class='ocrx_word' id='word_1_158' title='bbox 985 1627 1084 1680; x_wconf 84' lang='grc' dir='ltr'>αἷόγ’</span> <span class='ocrx_word' id='word_1_159' title='bbox 1106 1627 1207 1669; x_wconf 91' lang='lat' dir='ltr'>Ald.</span> 
     </span>
    </p>

    <p class='ocr_par' dir='ltr' id='par_1_15' title="bbox 426 1694 1438 1750">
     <span class='ocr_line' id='line_1_23' title="bbox 426 1694 1438 1750; baseline -0.003 -12"><span class='ocrx_word' id='word_1_160' title='bbox 426 1696 523 1750; x_wconf 82' lang='lat'>328.</span> <span class='ocrx_word' id='word_1_161' title='bbox 547 1695 577 1736; x_wconf 85' lang='grc' dir='ltr'>δ’</span> <span class='ocrx_word' id='word_1_162' title='bbox 600 1696 708 1750; x_wconf 84' lang='grc' dir='ltr'>ἴδοις]</span> <span class='ocrx_word' id='word_1_163' title='bbox 730 1695 760 1736; x_wconf 90' lang='grc' dir='ltr'>δ’</span> <span class='ocrx_word' id='word_1_164' title='bbox 784 1697 897 1738; x_wconf 83' lang='grc' dir='ltr'>εἴδοις</span> <span class='ocrx_word' id='word_1_165' title='bbox 918 1694 1060 1736; x_wconf 84' lang='lat' dir='ltr'>Guelf.</span> <span class='ocrx_word' id='word_1_166' title='bbox 1093 1695 1229 1738; x_wconf 87' lang='grc' dir='ltr'>δείδοις</span> <span class='ocrx_word' id='word_1_167' title='bbox 1250 1696 1314 1735; x_wconf 91' lang='grc' dir='ltr'><strong>Μ.</strong></span> <span class='ocrx_word' id='word_1_168' title='bbox 1336 1694 1438 1735; x_wconf 84' lang='lat' dir='ltr'>Ald.</span> 
     </span>
    </p>

    <p class='ocr_par' dir='ltr' id='par_1_16' title="bbox 426 1761 1523 1817">
     <span class='ocr_line' id='line_1_24' title="bbox 426 1761 1523 1817; baseline -0.001 -15"><span class='ocrx_word' id='word_1_169' title='bbox 426 1762 584 1817; x_wconf 89' lang='grc' dir='ltr'>πτερόν]</span> <span class='ocrx_word' id='word_1_170' title='bbox 605 1763 770 1814; x_wconf 90' lang='grc' dir='ltr'>πότερον</span> <span class='ocrx_word' id='word_1_171' title='bbox 790 1762 855 1801; x_wconf 93' lang='grc' dir='ltr'><strong>Μ.</strong></span> <span class='ocrx_word' id='word_1_172' title='bbox 875 1763 970 1802; x_wconf 84' lang='lat' dir='ltr'>Par.</span> <span class='ocrx_word' id='word_1_173' title='bbox 995 1761 1136 1802; x_wconf 88' lang='lat' dir='ltr'>Guelf.</span> <span class='ocrx_word' id='word_1_174' title='bbox 1159 1761 1259 1802; x_wconf 90' lang='lat' dir='ltr'>Ald.</span> <span class='ocrx_word' id='word_1_175' title='bbox 1299 1763 1392 1802; x_wconf 88' lang='grc' dir='ltr'>πότε</span> <span class='ocrx_word' id='word_1_176' title='bbox 1413 1761 1523 1802; x_wconf 88' lang='lat' dir='ltr'>Rob.</span> 
     </span>
    </p>

    <p class='ocr_par' dir='ltr' id='par_1_17' title="bbox 371 1827 1804 1936">
     <span class='ocr_line' id='line_1_25' title="bbox 425 1827 1804 1883; baseline 0.001 -14"><span class='ocrx_word' id='word_1_177' title='bbox 425 1842 523 1883; x_wconf 82' lang='lat'>330.</span> <span class='ocrx_word' id='word_1_178' title='bbox 564 1828 738 1882; x_wconf 85' lang='grc' dir='ltr'>κέλσειν]</span> <span class='ocrx_word' id='word_1_179' title='bbox 779 1828 958 1869; x_wconf 87' lang='grc' dir='ltr'>κέλσειεν</span> <span class='ocrx_word' id='word_1_180' title='bbox 997 1828 1061 1869; x_wconf 91' lang='grc' dir='ltr'><strong>Μ.</strong></span> <span class='ocrx_word' id='word_1_181' title='bbox 1103 1829 1197 1868; x_wconf 87' lang='lat' dir='ltr'>Par.</span> <span class='ocrx_word' id='word_1_182' title='bbox 1239 1828 1381 1869; x_wconf 87' lang='lat' dir='ltr'>Guelf.</span> <span class='ocrx_word' id='word_1_183' title='bbox 1421 1827 1523 1869; x_wconf 90' lang='lat' dir='ltr'>Ald.</span> <span class='ocrx_word' id='word_1_184' title='bbox 1574 1827 1731 1870; x_wconf 85' lang='grc' dir='ltr'>κέλσειν</span> <span class='ocrx_word' id='word_1_185' title='bbox 1767 1827 1804 1879; x_wconf 90' lang='grc' dir='ltr'>μ’</span> 
     </span>
     <span class='ocr_line' id='line_1_26' title="bbox 371 1894 630 1936; baseline -0.004 0"><span class='ocrx_word' id='word_1_186' title='bbox 371 1894 630 1936; x_wconf 86' lang='lat' dir='ltr'>Schuetzius.</span> 
     </span>
    </p>

    <p class='ocr_par' dir='ltr' id='par_1_18' title="bbox 431 1960 1226 2016">
     <span class='ocr_line' id='line_1_27' title="bbox 431 1960 1226 2016; baseline 0 -14"><span class='ocrx_word' id='word_1_187' title='bbox 431 1962 605 2016; x_wconf 83' lang='grc' dir='ltr'>ἐγγενὲς]</span> <span class='ocrx_word' id='word_1_188' title='bbox 627 1962 781 2016; x_wconf 83' lang='grc' dir='ltr'>εὐγενὲς</span> <span class='ocrx_word' id='word_1_189' title='bbox 799 1962 901 2003; x_wconf 85' lang='lat' dir='ltr'>Ald.</span> <span class='ocrx_word' id='word_1_190' title='bbox 925 1963 1060 2002; x_wconf 88' lang='lat' dir='ltr'>Turn.</span> <span class='ocrx_word' id='word_1_191' title='bbox 1083 1960 1226 2016; x_wconf 81' lang='lat' dir='ltr'>steph.</span> 
     </span>
    </p>

    <p class='ocr_par' dir='ltr' id='par_1_19' title="bbox 424 2026 1386 2084">
     <span class='ocr_line' id='line_1_28' title="bbox 424 2026 1386 2084; baseline -0.003 -14"><span class='ocrx_word' id='word_1_192' title='bbox 424 2042 522 2084; x_wconf 90' lang='lat'>331.</span> <span class='ocrx_word' id='word_1_193' title='bbox 543 2030 666 2084; x_wconf 85' lang='grc' dir='ltr'>ἔχθει]</span> <span class='ocrx_word' id='word_1_194' title='bbox 689 2030 772 2083; x_wconf 82' lang='grc' dir='ltr'>ἔχει</span> <span class='ocrx_word' id='word_1_195' title='bbox 793 2030 857 2069; x_wconf 94' lang='grc' dir='ltr'><strong>Μ.</strong></span> <span class='ocrx_word' id='word_1_196' title='bbox 881 2027 1022 2069; x_wconf 86' lang='lat' dir='ltr'>Guelf.</span> <span class='ocrx_word' id='word_1_197' title='bbox 1044 2027 1148 2069; x_wconf 92' lang='lat' dir='ltr'>Ald.</span> <span class='ocrx_word' id='word_1_198' title='bbox 1179 2029 1262 2068; x_wconf 80' lang='grc' dir='ltr'>ἐκεῖ</span> <span class='ocrx_word' id='word_1_199' title='bbox 1279 2026 1386 2068; x_wconf 87' lang='lat' dir='ltr'>Rob.</span> 
     </span>
    </p>

    <p class='ocr_par' dir='ltr' id='par_1_20' title="bbox 368 2093 1805 2204">
     <span class='ocr_line' id='line_1_29' title="bbox 423 2093 1805 2151; baseline -0.001 -14"><span class='ocrx_word' id='word_1_200' title='bbox 423 2096 751 2151; x_wconf 84' lang='grc' dir='ltr'>μεταπτοιοῦσαν]</span> <span class='ocrx_word' id='word_1_201' title='bbox 775 2096 972 2137; x_wconf 87' lang='lat' dir='ltr'>Refertur</span> <span class='ocrx_word' id='word_1_202' title='bbox 991 2095 1043 2136; x_wconf 89' lang='lat' dir='ltr'>ad</span> <span class='ocrx_word' id='word_1_203' title='bbox 1061 2111 1122 2147; x_wconf 82' lang='grc' dir='ltr'>με,</span> <span class='ocrx_word' id='word_1_204' title='bbox 1139 2094 1251 2150; x_wconf 92' lang='lat' dir='ltr'>quod</span> <span class='ocrx_word' id='word_1_205' title='bbox 1273 2093 1314 2134; x_wconf 89' lang='lat' dir='ltr'>in</span> <span class='ocrx_word' id='word_1_206' title='bbox 1333 2093 1658 2149; x_wconf 68' lang='lat' dir='ltr'>praecedentibus</span> <span class='ocrx_word' id='word_1_207' title='bbox 1672 2094 1805 2136; x_wconf 84' lang='lat' dir='ltr'>verbis</span> 
     </span>
     <span class='ocr_line' id='line_1_30' title="bbox 368 2162 614 2204; baseline 0.004 -1"><span class='ocrx_word' id='word_1_208' title='bbox 368 2162 614 2204; x_wconf 83' lang='lat' dir='ltr'>continetur.</span> 
     </span>
    </p>

    <p class='ocr_par' dir='ltr' id='par_1_21' title="bbox 424 2228 1051 2284">
     <span class='ocr_line' id='line_1_31' title="bbox 424 2228 1051 2284; baseline -0.005 -13"><span class='ocrx_word' id='word_1_209' title='bbox 424 2243 520 2284; x_wconf 82' lang='grc'><strong>334.</strong></span> <span class='ocrx_word' id='word_1_210' title='bbox 541 2229 730 2283; x_wconf 85' lang='grc' dir='ltr'>γένωμαι]</span> <span class='ocrx_word' id='word_1_211' title='bbox 755 2230 920 2281; x_wconf 81' lang='grc' dir='ltr'>γίνωμαι</span> <span class='ocrx_word' id='word_1_212' title='bbox 940 2228 1051 2269; x_wconf 88' lang='lat' dir='ltr'>Rob.</span> 
     </span>
    </p>

    <p class='ocr_par' dir='ltr' id='par_1_22' title="bbox 366 2292 1800 2418">
     <span class='ocr_line' id='line_1_32' title="bbox 424 2292 1800 2351; baseline -0.003 -14"><span class='ocrx_word' id='word_1_213' title='bbox 424 2309 476 2351; x_wconf 91' lang='grc'>33</span> <span class='ocrx_word' id='word_1_214' title='bbox 481 2305 522 2350; x_wconf 81' lang='grc'><strong>5.</strong></span> <span class='ocrx_word' id='word_1_215' title='bbox 554 2295 633 2337; x_wconf 87' lang='grc' dir='ltr'>κατ’</span> <span class='ocrx_word' id='word_1_216' title='bbox 657 2295 818 2349; x_wconf 85' lang='grc' dir='ltr'>ἔχθραν]</span> <span class='ocrx_word' id='word_1_217' title='bbox 850 2294 928 2335; x_wconf 84' lang='grc' dir='ltr'>κατ’</span> <span class='ocrx_word' id='word_1_218' title='bbox 953 2295 1124 2347; x_wconf 83' lang='grc' dir='ltr'>ἔχουσαν</span> <span class='ocrx_word' id='word_1_219' title='bbox 1145 2293 1245 2334; x_wconf 84' lang='lat' dir='ltr'>Ald.</span> <span class='ocrx_word' id='word_1_220' title='bbox 1267 2292 1378 2333; x_wconf 86' lang='lat' dir='ltr'>unde</span> <span class='ocrx_word' id='word_1_221' title='bbox 1407 2292 1487 2333; x_wconf 71' lang='grc' dir='ltr'>κατ’</span> <span class='ocrx_word' id='word_1_222' title='bbox 1507 2292 1626 2334; x_wconf 83' lang='grc' dir='ltr'>αἶσαν</span> <span class='ocrx_word' id='word_1_223' title='bbox 1644 2307 1800 2349; x_wconf 87' lang='lat' dir='ltr'>anony-</span> 
     </span>
     <span class='ocr_line' id='line_1_33' title="bbox 366 2359 1245 2418; baseline -0.003 -15"><span class='ocrx_word' id='word_1_224' title='bbox 366 2377 460 2403; x_wconf 90' lang='lat' dir='ltr'>mus</span> <span class='ocrx_word' id='word_1_225' title='bbox 479 2362 592 2418; x_wconf 85' lang='lat' dir='ltr'>apud</span> <span class='ocrx_word' id='word_1_226' title='bbox 614 2362 830 2402; x_wconf 90' lang='lat' dir='ltr'>Butlerum</span> <span class='ocrx_word' id='word_1_227' title='bbox 852 2361 894 2401; x_wconf 86' lang='lat' dir='ltr'>in</span> <span class='ocrx_word' id='word_1_228' title='bbox 914 2376 1043 2415; x_wconf 83' lang='lat' dir='ltr'>marg.</span> <span class='ocrx_word' id='word_1_229' title='bbox 1064 2359 1245 2401; x_wconf 84' lang='lat' dir='ltr'>Aldinae.</span> 
     </span>
    </p>

    <p class='ocr_par' dir='ltr' id='par_1_23' title="bbox 366 2425 1804 2618">
     <span class='ocr_line' id='line_1_34' title="bbox 423 2425 1804 2483; baseline -0.002 -14"><span class='ocrx_word' id='word_1_230' title='bbox 423 2430 520 2483; x_wconf 87' lang='lat'>336.</span> <span class='ocrx_word' id='word_1_231' title='bbox 560 2429 617 2471; x_wconf 89' lang='grc' dir='ltr'>τίς</span> <span class='ocrx_word' id='word_1_232' title='bbox 651 2429 683 2468; x_wconf 78' lang='grc' dir='ltr'>δ’</span> <span class='ocrx_word' id='word_1_233' title='bbox 713 2427 762 2468; x_wconf 81' lang='grc' dir='ltr'>ἂν</span> <span class='ocrx_word' id='word_1_234' title='bbox 796 2428 938 2480; x_wconf 84' lang='grc' dir='ltr'>φίλους</span> <span class='ocrx_word' id='word_1_235' title='bbox 975 2427 1111 2468; x_wconf 85' lang='grc' dir='ltr'>ὠνοῖτο</span> <span class='ocrx_word' id='word_1_236' title='bbox 1151 2427 1236 2468; x_wconf 84' lang='grc' dir='ltr'>τοὺς</span> <span class='ocrx_word' id='word_1_237' title='bbox 1275 2425 1538 2480; x_wconf 86' lang='grc' dir='ltr'>κεκτημένους]</span> <span class='ocrx_word' id='word_1_238' title='bbox 1573 2427 1676 2473; x_wconf 70' lang='lat' dir='ltr'>Quis</span> <span class='ocrx_word' id='word_1_239' title='bbox 1708 2439 1804 2467; x_wconf 80' lang='lat' dir='ltr'>vero</span> 
     </span>
     <span class='ocr_line' id='line_1_35' title="bbox 367 2492 1804 2551; baseline 0 -16"><span class='ocrx_word' id='word_1_240' title='bbox 367 2510 522 2550; x_wconf 89' lang='lat' dir='ltr'>quaeso,</span> <span class='ocrx_word' id='word_1_241' title='bbox 538 2497 795 2551; x_wconf 72' lang='lat' dir='ltr'>propinquos</span> <span class='ocrx_word' id='word_1_242' title='bbox 814 2494 909 2535; x_wconf 90' lang='lat' dir='ltr'>dote</span> <span class='ocrx_word' id='word_1_243' title='bbox 930 2509 1003 2534; x_wconf 88' lang='lat' dir='ltr'>sua</span> <span class='ocrx_word' id='word_1_244' title='bbox 1022 2493 1208 2534; x_wconf 69' lang='lat' dir='ltr'>dominos</span> <span class='ocrx_word' id='word_1_245' title='bbox 1225 2499 1332 2534; x_wconf 80' lang='lat' dir='ltr'>emat</span> <span class='ocrx_word' id='word_1_246' title='bbox 1344 2496 1364 2534; x_wconf 79' lang='lat'>,9</span> <span class='ocrx_word' id='word_1_247' title='bbox 1394 2492 1646 2534; x_wconf 83' lang='lat' dir='ltr'>Abreschius</span> <span class='ocrx_word' id='word_1_248' title='bbox 1666 2493 1804 2545; x_wconf 81' lang='grc' dir='ltr'>φίλους</span> 
     </span>
     <span class='ocr_line' id='line_1_36' title="bbox 366 2559 1801 2618; baseline -0.002 -15"><span class='ocrx_word' id='word_1_249' title='bbox 366 2563 482 2618; x_wconf 90' lang='lat' dir='ltr'>quasi</span> <span class='ocrx_word' id='word_1_250' title='bbox 517 2578 594 2618; x_wconf 85' lang='lat' dir='ltr'>pro</span> <span class='ocrx_word' id='word_1_251' title='bbox 624 2564 719 2603; x_wconf 77' lang='grc' dir='ltr'>κατὰ</span> <span class='ocrx_word' id='word_1_252' title='bbox 748 2563 886 2614; x_wconf 86' lang='grc' dir='ltr'>φιλίαν</span> <span class='ocrx_word' id='word_1_253' title='bbox 920 2561 1097 2617; x_wconf 88' lang='lat' dir='ltr'>positum</span> <span class='ocrx_word' id='word_1_254' title='bbox 1133 2575 1218 2601; x_wconf 88' lang='lat' dir='ltr'>esse</span> <span class='ocrx_word' id='word_1_255' title='bbox 1252 2561 1486 2610; x_wconf 84' lang='lat' dir='ltr'>arbitratur,</span> <span class='ocrx_word' id='word_1_256' title='bbox 1519 2575 1604 2615; x_wconf 93' lang='lat' dir='ltr'>quo</span> <span class='ocrx_word' id='word_1_257' title='bbox 1637 2559 1801 2615; x_wconf 89' lang='lat' dir='ltr'>quidem</span> 
     </span>
    </p>
   </div>
   <div class='ocr_carea' id='block_1_3' title="bbox 366 2625 1861 2685">
    <p class='ocr_par' dir='ltr' id='par_1_24' title="bbox 366 2625 1861 2685">
     <span class='ocr_line' id='line_1_37' title="bbox 366 2625 1861 2685; baseline -0.003 -15"><span class='ocrx_word' id='word_1_258' title='bbox 366 2628 711 2685; x_wconf 83' lang='lat' dir='ltr'>interpretationis</span> <span class='ocrx_word' id='word_1_259' title='bbox 730 2627 916 2669; x_wconf 82' lang='lat' dir='ltr'>anfractu</span> <span class='ocrx_word' id='word_1_260' title='bbox 937 2626 1037 2667; x_wconf 89' lang='lat' dir='ltr'>nihil</span> <span class='ocrx_word' id='word_1_261' title='bbox 1057 2641 1163 2682; x_wconf 89' lang='lat' dir='ltr'>opus</span> <span class='ocrx_word' id='word_1_262' title='bbox 1182 2635 1255 2667; x_wconf 87' lang='lat' dir='ltr'>est.</span> <span class='ocrx_word' id='word_1_263' title='bbox 1315 2626 1551 2667; x_wconf 81' lang='lat' dir='ltr'>Danaidum</span> <span class='ocrx_word' id='word_1_264' title='bbox 1577 2625 1714 2682; x_wconf 87' lang='lat' dir='ltr'>potius</span> <span class='ocrx_word' id='word_1_265' title='bbox 1741 2641 1803 2667; x_wconf 85' lang='lat' dir='ltr'>re-</span> <span class='ocrx_word' id='word_1_266' title='bbox 1854 2627 1861 2635; x_wconf 89' lang='grc'><strong>“</strong></span> 
     </span>
    </p>
   </div>
   <div class='ocr_carea' id='block_1_4' title="bbox 366 2693 1802 2885">
    <p class='ocr_par' dir='ltr' id='par_1_25' title="bbox 366 2693 1802 2885">
     <span class='ocr_line' id='line_1_38' title="bbox 367 2693 1802 2751; baseline -0.002 -15"><span class='ocrx_word' id='word_1_267' title='bbox 367 2710 559 2751; x_wconf 88' lang='lat' dir='ltr'>sponsum</span> <span class='ocrx_word' id='word_1_268' title='bbox 594 2694 797 2749; x_wconf 82' lang='lat' dir='ltr'>duplicem</span> <span class='ocrx_word' id='word_1_269' title='bbox 833 2693 956 2734; x_wconf 87' lang='lat' dir='ltr'>babet</span> <span class='ocrx_word' id='word_1_270' title='bbox 992 2693 1086 2733; x_wconf 89' lang='lat' dir='ltr'>vim.</span> <span class='ocrx_word' id='word_1_271' title='bbox 1148 2693 1385 2748; x_wconf 82' lang='lat' dir='ltr'>Significant</span> <span class='ocrx_word' id='word_1_272' title='bbox 1418 2693 1540 2743; x_wconf 90' lang='lat' dir='ltr'>enim,</span> <span class='ocrx_word' id='word_1_273' title='bbox 1563 2694 1722 2748; x_wconf 74' lang='lat' dir='ltr'>partim</span> <span class='ocrx_word' id='word_1_274' title='bbox 1761 2708 1802 2734; x_wconf 92' lang='lat' dir='ltr'>se</span> 
     </span>
     <span class='ocr_line' id='line_1_39' title="bbox 366 2759 1800 2817; baseline -0.003 -13"><span class='ocrx_word' id='word_1_275' title='bbox 366 2763 461 2803; x_wconf 90' lang='lat' dir='ltr'>odio</span> <span class='ocrx_word' id='word_1_276' title='bbox 484 2762 637 2815; x_wconf 77' lang='grc' dir='ltr'>(ἔχθρᾳ)</span> <span class='ocrx_word' id='word_1_277' title='bbox 661 2760 908 2817; x_wconf 85' lang='lat' dir='ltr'>patruelium</span> <span class='ocrx_word' id='word_1_278' title='bbox 929 2759 1037 2809; x_wconf 88' lang='lat' dir='ltr'>duci,</span> <span class='ocrx_word' id='word_1_279' title='bbox 1060 2768 1107 2800; x_wconf 88' lang='lat' dir='ltr'>ut</span> <span class='ocrx_word' id='word_1_280' title='bbox 1126 2759 1179 2800; x_wconf 85' lang='lat' dir='ltr'>ab</span> <span class='ocrx_word' id='word_1_281' title='bbox 1198 2775 1336 2800; x_wconf 87' lang='lat' dir='ltr'>eorum</span> <span class='ocrx_word' id='word_1_282' title='bbox 1360 2759 1515 2815; x_wconf 85' lang='lat' dir='ltr'>nuptiis</span> <span class='ocrx_word' id='word_1_283' title='bbox 1542 2759 1800 2811; x_wconf 84' lang='lat' dir='ltr'>abhorreant,</span> 
     </span>
     <span class='ocr_line' id='line_1_40' title="bbox 366 2825 1800 2885; baseline -0.003 -15"><span class='ocrx_word' id='word_1_284' title='bbox 366 2837 583 2885; x_wconf 81' lang='lat' dir='ltr'>propterea</span> <span class='ocrx_word' id='word_1_285' title='bbox 601 2827 714 2882; x_wconf 94' lang='lat' dir='ltr'>quod</span> <span class='ocrx_word' id='word_1_286' title='bbox 745 2825 1046 2867; x_wconf 88' lang='lat' dir='ltr'>matrimonium</span> <span class='ocrx_word' id='word_1_287' title='bbox 1077 2825 1130 2875; x_wconf 87' lang='lat' dir='ltr'>vi,</span> <span class='ocrx_word' id='word_1_288' title='bbox 1153 2841 1232 2866; x_wconf 92' lang='lat' dir='ltr'>non</span> <span class='ocrx_word' id='word_1_289' title='bbox 1263 2841 1399 2867; x_wconf 88' lang='lat' dir='ltr'>amore</span> <span class='ocrx_word' id='word_1_290' title='bbox 1430 2835 1583 2880; x_wconf 84' lang='lat' dir='ltr'>petant,</span> <span class='ocrx_word' id='word_1_291' title='bbox 1603 2825 1800 2882; x_wconf 89' lang='lat' dir='ltr'>quemad-</span> 
     </span>
    </p>
   </div>
   <div class='ocr_carea' id='block_1_5' title="bbox 368 2892 1194 2950">
    <p class='ocr_par' dir='ltr' id='par_1_26' title="bbox 368 2892 1194 2950">
     <span class='ocr_line' id='line_1_41' title="bbox 368 2892 1194 2950; baseline -0.006 -13"><span class='ocrx_word' id='word_1_292' title='bbox 368 2895 536 2936; x_wconf 90' lang='lat' dir='ltr'>modum</span> <span class='ocrx_word' id='word_1_293' title='bbox 557 2903 674 2950; x_wconf 86' lang='lat' dir='ltr'>pater</span> <span class='ocrx_word' id='word_1_294' title='bbox 692 2908 814 2949; x_wconf 85' lang='lat' dir='ltr'>supra</span> <span class='ocrx_word' id='word_1_295' title='bbox 833 2908 873 2934; x_wconf 91' lang='lat' dir='ltr'>v.</span> <span class='ocrx_word' id='word_1_296' title='bbox 898 2902 992 2944; x_wconf 85' lang='lat'>227.</span> <span class='ocrx_word' id='word_1_297' title='bbox 1014 2892 1194 2933; x_wconf 83' lang='lat' dir='ltr'>dixerat:</span> 
     </span>
    </p>
   </div>
   <div class='ocr_carea' id='block_1_6' title="bbox 1952 2747 1962 2964">
    <p class='ocr_par' dir='ltr' id='par_1_27' title="bbox 1952 2747 1962 2964">
     <span class='ocr_line' id='line_1_42' title="bbox 1952 2747 1962 2964; baseline 0 0"><span class='ocrx_word' id='word_1_298' title='bbox 1952 2747 1962 2964; x_wconf 75' lang='grc' dir='ltr'><strong>ἑ</strong></span> 
     </span>
    </p>
   </div>
  </div>
 </body>
</html>
