1962 3224
607 167 697 208 AD
727 166 1266 208 AGAMEMNONEM.
1586 163 1671 207 395

197 278 530 329 δηρακλεῖ-Νΰν
559 275 590 318 δ’
613 277 670 319 εἷς
700 279 975 330 γυναικωνῖτιν
1005 274 1166 316 εἰσιόνθ’
1188 274 1286 314 ὅταν
1310 272 1402 314 Ἰδω
1433 272 1666 325 παράσιτον,

195 343 268 385 τὸν
282 345 325 385 δὲ
342 345 423 385 Δία
442 343 513 385 τὸν
529 343 705 395 Κτήσιον
714 342 897 397 Ἔχοντα
913 342 959 383 τὸ
974 345 1153 395 ταμιεῖον
1173 341 1219 382 οὗ
1241 339 1535 392 κεκλεισμένον,
1548 338 1666 380 Ἀλλ’

197 410 454 465 εἷστρέχοντα
484 410 896 464 πορνίδια-Ξρτνὶυε
924 410 978 451 ad
1011 411 1114 451 ΖΕΗ.
1142 421 1179 450 2.
1215 408 1402 465 Singula
1427 407 1575 448 (lom-us
1602 422 1667 448 sa-

194 484 314 520 erata
332 484 432 520 sunt
452 479 571 529 Diis,
594 484 643 520 ut
660 479 802 520 culina
817 479 919 520 Diis
936 478 1173 519 Penatibus
1196 479 1323 531 (θεοῖς
1344 478 1552 530 κτησίοις),
1575 490 1664 516 ma-

195 546 337 597 ceries,
358 561 454 603 quae
473 548 607 589 ambit
625 547 812 597 domum,
829 547 996 588 Herc-eo
1014 546 1131 588 Jovi.
1167 545 1258 586 Vid.
1278 544 1388 586 infra
1407 543 1460 585 ad
1482 559 1520 583 v.
1544 545 1665 600 1056.

197 614 433 656 BLOMF.

259 695 382 735 1041.
411 682 614 736 πραθέντα
643 686 784 735 τλῆναι
816 684 879 725 καὶ
914 684 1039 737 ζυγῶν
1069 686 1198 736 θιγεῖν
1229 683 1373 736 (θίγειν
1400 680 1545 737 vulgo)
1578 679 1666 735 βίᾳ]

198 749 449 791 varietatem
471 750 568 792 satis
587 750 810 793 notabilem
829 751 988 808 praebet
1007 751 1140 793 codex
1165 750 1393 800 Mediceus‚
1415 752 1556 801 τλῆναι
1576 751 1665 789 δου-

195 819 308 861 λείας
335 817 456 870 μάζης
484 819 577 870 βίου
613 820 704 874 (βίᾳ
737 819 967 861 secundum
998 820 1150 861 Franc.
1185 819 1238 860 de
1269 818 1419 872 Furia)
1450 818 1558 858 forte
1590 830 1669 872 pro

196 886 359 930 δουλίας
385 887 506 940 μάζης
534 889 639 940 βίον.
696 890 861 945 Nempe
885 892 987 941 μᾶζα
1008 899 1096 930 erat
1116 902 1330 929 servorum
1350 887 1481 928 cibus.
1544 884 1667 926 Idem

195 952 326 1008 igitur
345 953 454 996 valet
473 970 521 996 ac
541 954 652 997 istud
671 955 904 1012 Euripidis,
928 958 1086 1006 θῆσσαν
1105 955 1300 1008 τράπεζαν
1322 953 1492 1001 αἰνέσαι,
1509 953 1607 994 Alc.
1626 964 1666 993 2.

198 1024 430 1066 BLOMF.

260 1104 382 1144 1042.
405 1093 623 1149 ἐπιρρέποι]
652 1094 852 1148 ἐπιρρέπει
873 1095 927 1134 Τ.

259 1174 380 1215 1043.
412 1162 739 1216 ἀρχαιοπλούτων
769 1165 973 1204 δεσποτῶν
1004 1161 1137 1212 πολλὴ
1169 1160 1299 1215 χάρις]
1333 1159 1510 1200 Aristot.
1537 1159 1665 1200 Rhet.

198 1240 238 1278 2,
264 1229 330 1269 16.
351 1228 531 1282 διαφέρει
551 1231 594 1271 δὲ
614 1234 695 1273 τοῖς
715 1230 858 1272 νεωστὶ
879 1228 1139 1281 κεκτημένοις,
1163 1229 1226 1269 καὶ
1246 1232 1327 1271 τοῖς
1346 1228 1485 1275 πάλαι,
1509 1230 1557 1269 τὰ
1576 1228 1662 1279 ἤθη·

192 1298 246 1352 τῷ
276 1294 433 1338 ἅπαντα
461 1300 619 1349 μᾶλλον
649 1299 714 1339 καὶ
739 1296 968 1350 φαυλότερα
1002 1298 1051 1337 τὰ
1081 1298 1180 1337 κακὰ
1205 1296 1315 1350 ἔχειν
1348 1296 1436 1339 τοὺς
1468 1296 1662 1336 νεοπλού-

190 1378 294 1407 τους·
325 1364 461 1418 ὥσπερ
489 1367 566 1418 γὰρ
596 1366 834 1407 ἀπαιδευσία
863 1366 1037 1407 πλούτου
1065 1365 1163 1412 ἐστὶ,
1194 1364 1238 1405 τὸ
1268 1363 1512 1406 νεόπλουτον
1544 1363 1659 1405 εἶναι.

197 1433 422 1475 STANL.

258 1502 383 1543 1044.
405 1490 444 1531 οἳ
465 1490 688 1532 stanleius.
720 1493 759 1532 οἱ
778 1490 920 1546 vulgo.

258 1569 382 1613 1045.
411 1560 519 1611 παρὰ
548 1558 744 1613 στάθμην]
782 1558 894 1609 Quid
928 1557 1004 1599 hoc
1037 1557 1088 1598 sit
1118 1557 1329 1613 eleganter
1356 1557 1478 1598 docet
1506 1556 1669 1598 Aristo-

196 1624 297 1667 teles
318 1625 494 1667 Rhetor.
521 1639 558 1677 1,
577 1638 613 1666 2.
636 1627 682 1668 οὐ
701 1628 778 1680 γὰρ
799 1630 863 1668 δεῖ
879 1627 950 1668 τὸν
971 1625 1161 1676 δικαστὴν
1181 1625 1449 1679 διαστρέφειν,
1471 1627 1526 1668 εἷς
1545 1625 1670 1679 ὀργὴν

195 1693 456 1747 προάγοντας,
482 1693 507 1745 ἢ
531 1693 700 1747 φθόνον,
727 1693 751 1746 ἢ
783 1695 914 1735 ἔλεον·
946 1695 1084 1746 ὅμοιον
1117 1695 1194 1747 γὰρ
1219 1693 1292 1735 κᾶν
1320 1696 1357 1735 εἴ
1391 1711 1446 1737 τις
1470 1692 1500 1750 ᾧ
1527 1695 1670 1745 μέλλει

195 1763 370 1815 χρῆσθαι
396 1760 533 1803 κανόνι
562 1765 701 1803 τοῦτον
730 1762 889 1813 ποιήσει
914 1760 1130 1815 στρεβλόν.
1183 1762 1344 1803 Notum
1375 1761 1472 1802 satis
1503 1777 1671 1818 prover-

195 1828 304 1871 biale
333 1828 491 1870 dictum
524 1830 624 1883 πρὸς
655 1830 834 1883 στάθμην
868 1830 1014 1883 πέτρον
1050 1831 1244 1877 τίθεσθαι,
1278 1829 1375 1881 μήτε
1406 1829 1504 1882 πρὸς
1541 1830 1669 1885 πέτρῳ

196 1898 387 1950 στάθμην.
432 1898 552 1939 Idem
573 1910 635 1940 est
655 1898 759 1950 ὠμὸς
778 1900 886 1951 παρὰ
906 1897 1097 1950 στάθμην,
1119 1897 1234 1953 quod
1258 1897 1460 1938 Terentio
1482 1897 1669 1954 Adelph,

201 1979 239 2015 1,
264 1979 302 2016 1,
323 1980 392 2021 39.
423 1967 601 2008 nimium
632 1969 721 2023 ipse
750 1967 887 2008 duras
916 1972 977 2007 est
1001 1971 1154 2022 praeter
1174 1979 1417 2021 (equumque
1443 1972 1481 2006 et
1501 1966 1668 2006 bonum.

198 2034 423 2076 STANL.
476 2034 772 2088 παραστάθμων
793 2035 829 2074 F
834 2035 859 2074 l.

261 2103 380 2155 1046.
405 2103 531 2160 ἔχεις]
555 2101 658 2153 ἔξεις
679 2102 967 2151 Casaubonus,
990 2102 1157 2142 frustra.

259 2184 381 2225 1049.
417 2169 556 2212 πείθοι’
589 2170 652 2218 ἂν,
686 2172 720 2211 εἰ
748 2169 919 2224 πείθοιο]
952 2169 1020 2210 Sic
1050 2169 1159 2209 infra
1191 2182 1314 2224 1394.
1342 2167 1506 2222 χαίροιτ’
1533 2168 1595 2216 ἂν,
1635 2171 1671 2210 εἷ

195 2237 378 2292 χαίροιτ’,
399 2239 477 2292 ἐγὼ
498 2240 531 2279 δ’
552 2239 788 2292 ἀπεύχομαι.
849 2240 991 2289 Quum
1014 2253 1113 2279 vero
1133 2239 1227 2280 ἴσως
1254 2236 1340 2277 sine
1361 2236 1410 2277 ἂν
1430 2252 1526 2277 cum
1547 2248 1667 2294 opta-

195 2306 284 2348 tivo
314 2321 397 2347 non
427 2315 708 2356 construatur,
738 2306 965 2363 repetenda
997 2318 1058 2347 est
1089 2305 1292 2361 particula
1322 2320 1374 2345 ex
1410 2305 1546 2361 primo
1580 2322 1670 2347 sen-

197 2373 338 2416 tentiae
367 2374 580 2426 membr03
612 2373 719 2415 sicut
750 2373 791 2414 in
829 2373 1023 2430 Sophocl.
1057 2373 1162 2415 OEd.
1195 2375 1250 2414 T.
1287 2386 1386 2428 955.
1425 2374 1467 2414 τὸ
1502 2373 1534 2415 δ’
1577 2375 1671 2418 ἔπος

197 2442 355 2494 ὃῦξερῶ,
387 2440 476 2497 τάχ’
500 2441 550 2483 ἂν
573 2440 720 2483 Ἠδοιο
750 2441 837 2494 μέν·
868 2446 950 2486 πῶς
979 2441 1010 2484 δ’
1032 2443 1106 2496 οὐχ
1137 2443 1211 2490 ἄν;
1245 2441 1473 2496 ἆσχάλλοις
1500 2442 1531 2483 δ’
1558 2445 1665 2486 ἴσως.

197 2510 432 2551 BLOMF.
482 2509 605 2551 Conf.
627 2519 768 2551 annot.
790 2509 842 2551 ad
868 2509 1015 2566 Suppl.
1040 2520 1138 2564 727.

257 2586 382 2632 1050.
411 2576 638 2633 χελιδόνος]
661 2577 769 2618 Avis
792 2577 987 2634 garrula3
1021 2578 1133 2618 unde
1162 2577 1343 2628 barbari,
1365 2593 1544 2633 quorum
1575 2593 1669 2633 gar-

195 2645 302 2687 ritus
331 2644 506 2700 intelligi
538 2645 699 2701 nequit‚
733 2644 942 2700 χελιδόνες
970 2645 1180 2686 dicuntur.
1233 2646 1420 2702 Hesych.
1457 2644 1667 2686 Χελιδόσι.

195 2714 285 2757 τοὺς
313 2711 544 2766 βαρβάρους
572 2712 783 2767 χελιδόσιν
803 2713 1056 2762 ἀπεικάζουσι
1086 2715 1150 2754 διὰ
1174 2714 1244 2764 τὴν
1265 2715 1484 2755 ἀσύνθετον
1504 2713 1666 2754 λαλιάν.

196 2782 459 2824 Nicostratus
494 2780 651 2823 Stobaei
683 2794 752 2836 34.
790 2796 833 2837 p.
874 2782 966 2835 178.
1002 2781 1202 2822 Trincav.
1237 2783 1272 2822 εἰ
1303 2781 1347 2822 τὸ
1385 2786 1562 2835 συνεχῶς
1602 2782 1666 2822 καὶ

197 2852 335 2891 πολλὰ
366 2850 429 2890 καὶ
459 2849 611 2904 ταχέως
639 2853 785 2891 λαλεῖν
805 2847 890 2890 ⁹Hv
918 2851 988 2889 τοῦ
1014 2853 1181 2901 φρονεῖν
1204 2847 1454 2902 παράσημον,
1485 2851 1525 2890 αἱ
1551 2855 1663 2903 χελι-

196 2916 308 2961 δόνες
333 2916 539 2970 Ἐλέγοντ’
561 2916 610 2958 ἂν
629 2917 737 2970 ἡμῶν
758 2915 1084 2971 σωφρονέστεραι
1113 2918 1230 2958 πολύ.
1284 2917 1486 2973 AEnigma
1510 2918 1667 2974 Pytha-

869 2998 892 3040 3
920 2998 945 3025 1)
971 2997 994 3027 2
