1962 3224
356 210 440 249 448
827 210 1318 251 ANNOTATIONES

358 325 590 359 taemnestra
609 318 747 359 oculos
766 332 859 359 suos
878 318 1070 360 describit
1093 334 1180 375 prae
1200 319 1323 360 nimio
1342 319 1441 360 fletu
1462 320 1565 361 adeo
1587 320 1722 370 siccos,
1746 329 1791 360 ut

358 400 409 426 ne
433 395 552 441 gutta
572 385 739 440 quidem
758 385 1029 440 lacrymarum
1049 385 1155 426 insit.
1214 387 1309 426 Non
1330 401 1484 427 merum
1507 387 1705 442 gaudium
1726 386 1792 427 hio

359 452 614 502 describitur,
639 462 683 493 ut
705 452 908 493 Stanleius
927 452 1114 508 putabat,
1136 452 1205 492 sed
1236 467 1375 493 sensus
1404 468 1454 493 ex
1485 453 1625 494 laetitia
1653 463 1694 493 et
1722 467 1793 492 an-

358 534 458 574 gore
497 519 654 568 mistus,
693 519 765 575 qui
803 518 979 559 maxime
1017 518 1116 558 solet
1152 518 1350 574 lacrymas
1389 534 1619 575 provocare.
1693 520 1723 559 J
1727 534 1791 559 am

362 586 633 641 Spanbemius
659 586 711 626 ad
740 586 900 626 Gallim.
923 585 1061 641 hymn.
1083 585 1124 625 in
1146 585 1238 626 Del.
1261 602 1298 627 v.
1323 589 1415 641 263.
1435 586 1683 642 comparavit
1703 588 1793 627 Eu-

359 653 562 709 ripideum
584 653 685 693 illud
707 652 862 694 Alcest.
879 668 916 693 v,
939 653 1024 693 182.
1047 652 1375 707 ὀφθαλμοτέγκτῳ
1396 654 1527 694 δεύετο
1547 655 1793 706 πλημμυρίδι.

364 720 493 761 SCH.

418 785 809 840 δίψιοι-σταγόνες]
824 788 975 841 Agam.
991 786 1084 826 860.
1100 784 1266 837 ’Έμοιγε
1284 786 1357 836 μὲν
1372 786 1417 835 δὴ
1438 785 1665 836 κλαυμάτων
1685 786 1796 825 ἐπίσ-

363 869 474 894 συτοι
493 854 626 905 Πηγαὶ
646 852 945 904 κατεσβήκασιν,
967 851 1043 892 οὐδ’
1067 852 1124 892 ἔνι
1145 852 1313 903 σταγών.
1375 851 1559 892 Glaucus
1586 851 1626 891 in
1649 850 1793 906 Epigr.

362 919 403 959 in
429 918 609 959 Brunck.
633 918 758 960 Anal.
778 919 858 959 vol.
882 932 918 960 2.
938 933 978 973 p.
1002 919 1099 972 348.
1125 916 1201 958 ”Εν
1230 935 1272 958 τε
1301 919 1376 970 γὰρ
1405 919 1624 970 ὀφθαλμοῖς
1654 919 1796 969 ἐσκλη-

365 986 451 1026 κόσι
474 985 604 1036 κωφὸν
624 987 776 1027 ὖποικεῖ
795 985 938 1037 Δάκρυ.
970 985 1197 1025 BLOMF.

425 1052 516 1092 186.
548 1053 742 1105 ἄφραστοι
765 1053 901 1092 Turn.
926 1050 1067 1107 Steph.
1099 1051 1289 1104 ἄφρακτοι
1310 1052 1373 1091 Μ.
1397 1051 1539 1092 Guelf.
1562 1050 1663 1091 Ald.
1685 1050 1795 1091 Rob.

363 1118 476 1174 quod
497 1120 686 1172 ἄφαρκτοι
707 1118 977 1160 scribendum.
1011 1122 1038 1142 “
1061 1118 1250 1171 ἄφρακτοι
1270 1117 1464 1158 dicuntur
1491 1116 1681 1173 lacrymae
1705 1132 1799 1172 quae

363 1185 543 1227 cobiberi
564 1201 643 1226 non
666 1186 876 1241 possunt-'⁹
907 1186 1036 1226 SCH.

421 1253 629 1309 δυσχίμου]
653 1254 849 1306 ὃυσχύμου
871 1254 1004 1293 Turn.

426 1320 519 1372 187.
542 1321 708 1374 ἐλπίσω]
736 1320 875 1368 ἐλπίζω
897 1318 997 1360 Ald.

426 1400 516 1440 190.
549 1386 611 1441 δὲ]
639 1403 686 1439 γε
708 1388 928 1427 Porsonus.
990 1386 1166 1427 Defendi
1188 1401 1304 1441 posse
1324 1387 1366 1427 δὲ
1386 1385 1563 1427 ostendit
1583 1384 1802 1426 Elmsleius

365 1453 419 1493 ad
439 1452 586 1508 Eurip.
610 1452 725 1493 Med.
749 1466 844 1506 940.
906 1452 986 1493 Sed
1009 1452 1256 1507 probabilius
1277 1462 1410 1493 tamen
1433 1469 1479 1504 γε
1498 1461 1570 1492 est.

423 1520 595 1571 οὐδαμῶς
639 1520 859 1576 ἐπώνυμον]
902 1521 1088 1560 animum
1127 1533 1382 1575 nequaquam
1423 1528 1604 1559 materno
1642 1519 1802 1558 nomine

365 1586 556 1642 dignum.
618 1586 685 1627 Sic
705 1585 772 1627 El.
795 1601 861 1642 ap.
884 1585 1076 1642 Sophocl.
1098 1601 1135 1627 v.
1157 1599 1275 1641 1191.

592 1684 713 1736 μήτηρ
735 1688 922 1734 καλεῖται,
942 1685 1054 1736 μητρὶ
1073 1684 1103 1724 δ’
1125 1684 1237 1725 οὐδὲν
1259 1685 1392 1734 ἐξισοῖ.
1453 1684 1585 1724 SCH.

428 1796 517 1837 192.
550 1785 626 1836 ἐγὼ
648 1783 677 1824 δ’
699 1783 876 1838 ὅπως-]
902 1783 1256 1824 Constructionem
1280 1783 1492 1824 scholiasta
1510 1782 1686 1838 explicat
1706 1797 1801 1838 sup-

366 1850 518 1907 plendo
548 1851 616 1891 οὐκ
646 1851 737 1904 ἔχω.
799 1850 881 1900 Qui
913 1851 989 1890 hoc
1023 1850 1186 1891 videtur
1217 1850 1349 1891 dicere
1380 1850 1554 1891 voluisse
1583 1849 1804 1890 orationem

363 1917 610 1959 illaetabilem
653 1927 745 1973 post
780 1917 904 1959 verba
937 1922 1091 1971 βροτῶν
1128 1917 1319 1970 Ὀρέστου
1352 1917 1542 1973 abrumpi
1575 1916 1805 1957 substitutis

366 1985 499 2026 verbis
517 1985 740 2026 laetioribus
762 1986 943 2036 σαίνομαι
964 1985 996 2025 δ’
1016 1984 1077 2025 ὑπ’
1096 1986 1272 2027 ἐλπίδος;
1306 1999 1387 2040 qua
1408 1984 1491 2025 sola
1510 1983 1665 2024 ratione
1685 1998 1806 2024 excu-

369 2052 446 2093 sari
467 2061 600 2107 potest
621 2051 771 2107 ellipsis
790 2051 871 2092 illa.

430 2132 522 2174 193.
554 2118 772 2173 ἀγλάϊσμα]
805 2118 997 2159 Imitatus
1026 2127 1085 2158 est
1115 2117 1155 2158 h.
1175 2117 1202 2157 l.
1235 2117 1469 2173 Sophocles,
1489 2117 1805 2174 Chrysothemin

369 2185 426 2226 sic
443 2185 677 2241 loquentem
700 2184 897 2225 inducens
917 2184 1071 2225 Electr.
1092 2200 1129 2225 V.
1152 2197 1233 2238 902
1255 2199 1314 2239 sq.

597 2290 673 2330 Καὶ
695 2292 763 2330 νῦν
783 2288 816 2329 θ’
839 2289 977 2339 ὁμοίως
997 2288 1058 2328 καὶ
1078 2286 1154 2327 τότ’
1177 2288 1427 2338 ἐξεπίσταμαι

593 2356 645 2407 μή
665 2372 732 2396 του
755 2354 829 2396 τόδ’
850 2354 1054 2407 ἀγλάϊσμα
1073 2353 1176 2404 πλὴν
1197 2354 1324 2394 κείνου
1342 2356 1495 2404 μολεῖν.
1557 2353 1688 2395 SCH.

430 2475 520 2515 195.
544 2459 720 2514 εὔφρον’]
745 2459 1013 2500 Scribendum
1037 2456 1195 2510 ἔμφρον’
1219 2471 1312 2497 cum
1332 2457 1511 2497 Aurato.

434 2532 524 2583 196.
555 2527 765 2581 δίφροντις]
787 2527 947 2582 Anceps
976 2526 1119 2566 animi.
1182 2525 1297 2565 Inter
1323 2538 1434 2579 spem
1456 2534 1692 2579 metumque
1711 2523 1810 2564 fluc-

374 2596 507 2627 tuans.

427 2652 478 2704 μὴ
497 2652 748 2702 ’κινυσσόμην
765 2650 899 2691 Turn.
918 2648 993 2689 nisi
1013 2647 1126 2703 quod
1146 2646 1378 2688 coronidem
1394 2646 1541 2688 omisit.
1563 2647 1810 2698 κηνυσσόμην

372 2735 465 2762 cum
487 2718 677 2760 coronide
699 2718 767 2766 Μ,
785 2716 868 2756 sine
888 2731 935 2756 ea
956 2714 1097 2756 Guelf.
1119 2713 1219 2754 Ald.
1243 2713 1350 2754 Rob.
1395 2714 1462 2754 De
1483 2712 1581 2754 vitio
1599 2712 1810 2767 orthogra-

373 2787 494 2843 phico
513 2786 669 2826 dictum
690 2784 744 2825 ad
766 2782 975 2824 Prometh.
995 2792 1087 2836 157.

434 2863 523 2908 197.
549 2853 606 2907 εὖ]
630 2849 900 2892 Scribendum
920 2848 944 2900 ἢ
964 2863 1058 2890 cum
1081 2849 1273 2889 Cantero.

429 2919 604 2972 σαφηνῆ]
631 2919 759 2959 Recte
780 2916 1022 2958 Schuetzius
1042 2913 1137 2966 σάφ’
1157 2914 1207 2965 ἣν
1225 2930 1291 2964 μοι
1310 2911 1498 2954 correxit.
1555 2909 1699 2953 Minus
1719 2924 1810 2965 pro-
