1962 3224
381 180 465 222 562
851 180 1340 222 ANNOTATIONES

436 295 530 334 688.
553 294 654 334 Post
672 294 760 334 τότε
780 307 939 334 comma
958 301 1146 348 ponatur.

435 361 530 416 691.
561 361 688 413 φόβος
708 358 900 413 συγγενὴς
929 373 1010 399 non
1039 367 1097 399 est
1120 360 1242 400 timor
1260 359 1311 398 ab
1332 364 1487 399 natura
1515 358 1743 414 ingenitus,
1765 367 1813 397 ut

380 426 664 468 Wakefieldus
683 434 817 482 putat,
839 425 908 466 sed
935 427 1056 467 timor
1075 440 1165 466 cum
1194 426 1426 467 reverentia
1445 430 1662 481 cognatus,
1688 437 1811 478 quam

378 493 485 534 cives
505 494 727 548 Areopago
746 491 970 548 praestituri
990 501 1133 532 essent.
1166 493 1295 533 SCH.
1339 490 1604 532 scribendum
1627 489 1814 543 ξυγγενὴς

379 574 471 601 oum
494 561 689 600 Porsono.

432 627 485 678 μὴ
503 625 636 668 ’δικεῖν
657 627 793 666 Turn.
836 626 888 677 μὴ
908 626 1054 666 ἀδικεῖν
1078 625 1171 666 libri
1200 625 1359 681 reliqui.
1411 623 1679 666 scribendum
1705 624 1814 675 μᾶδι-

379 709 474 734 κειν.

435 761 531 812 692.
552 759 598 799 τό
616 758 668 812 τ’]
690 757 766 799 τόδ’
790 758 855 798 Μ.
877 757 980 798 Ald.
1003 758 1112 798 Rob.
1142 757 1221 798 τόθ’
1244 759 1379 798 Turn.
1410 758 1469 807 τό,
1491 757 1523 815 θ’
1547 756 1686 812 steph.

436 825 555 880 ἦμαρ]
574 826 676 878 ἦμαρ
695 825 800 865 libri.

437 893 535 947 693.
557 893 608 943 μὴ
627 891 919 933 ’πικαινούντων
939 890 1183 946 Stephanus.
1213 890 1264 942 μὴ
1283 891 1550 932 ’πικαινόντων
1570 889 1674 932 libri.
1710 889 1814 930 Scri-

379 959 559 1000 bendum
581 959 633 1010 μὴ
652 957 949 1012 ’πιχραινόντων
968 971 1062 998 cum
1083 956 1354 998 Wakefieldo.

436 1027 532 1080 694.
555 1026 654 1066 Post
676 1027 893 1078 ἐπιρροαῖσι
912 1024 1029 1065 colon
1049 1023 1184 1066 omisit
1204 1025 1433 1081 typotheta.

437 1091 490 1147 θ’]
517 1092 784 1133 Scribendum
808 1091 838 1133 δ’
860 1106 953 1132 cum
975 1092 1192 1132 Pearsono.

437 1159 533 1214 696.
554 1159 746 1213 ἄναρχον]
770 1159 961 1211 ἄναρκτον
981 1157 1205 1207 Bentleius‚
1227 1173 1277 1198 ex
1298 1172 1337 1198 V.
1356 1159 1454 1212 526.

435 1226 547 1281 μήτε]
564 1225 661 1277 μήδε
683 1225 779 1277 (hoc
798 1227 987 1279 accentu)
1010 1225 1075 1265 M.
1105 1225 1156 1276 μὴ
1177 1226 1219 1265 δὲ
1239 1224 1348 1265 Rob.
1363 1224 1475 1280 quod
1495 1224 1628 1280 ipsum
1650 1240 1817 1280 quoque

380 1292 481 1333 nihil
512 1292 623 1333 aliud
644 1307 729 1333 esse
748 1307 871 1347 quam
891 1292 943 1344 μὴ
963 1294 1005 1333 τὲ
1025 1307 1076 1333 ex
1107 1307 1155 1332 eo
1180 1291 1313 1347 colligi
1343 1300 1476 1347 potest
1495 1291 1606 1347 quod
1638 1307 1713 1348 pro
1731 1291 1815 1344 μήτ’

381 1359 556 1413 ἄναρχον
576 1358 759 1399 similiter
778 1374 1015 1415 expressum
1037 1369 1097 1400 est
1116 1359 1168 1411 μὴ
1188 1357 1217 1399 τ’
1240 1359 1426 1412 ἄναρχον.

438 1426 766 1481 δεσποτούμενον]
793 1425 823 1466 δ’
844 1425 1078 1467 addendum
1101 1426 1317 1467 videbatur
1339 1425 1529 1467 Stanleio.

439 1494 536 1548 697.
566 1492 883 1545 περιστέλλουσα
907 1494 1115 1533 Porsonus
1142 1484 1235 1533 cum
1268 1493 1462 1534 Heathio.
1523 1493 1815 1534 Revocandum

381 1559 496 1615 quod
517 1559 558 1600 in
579 1559 693 1600 libris
712 1569 772 1600 est
789 1558 1104 1611 περιστέλλουσι.

438 1627 593 1681 σέβειν]
619 1626 738 1667 σέθεν
768 1627 832 1666 Μ.
865 1626 960 1666 Par.
993 1625 1133 1666 Guelf.
1164 1625 1265 1666 Ald.
1298 1626 1432 1666 Turn.
1486 1626 1592 1666 Vera
1617 1626 1819 1682 scriptura

382 1703 575 1736 annotata
594 1693 635 1734 in
656 1693 837 1748 margine
859 1693 940 1742 M.,
962 1692 1150 1734 restituta
1168 1691 1208 1732 in
1231 1692 1339 1733 Rob.
1363 1692 1505 1748 Steph.

441 1774 535 1814 700.
557 1777 616 1801 τοι
634 1774 715 1801 om.
737 1760 847 1800 Rob.

441 1839 535 1882 703.
556 1825 632 1868 οὔτ’
654 1827 717 1882 ἐν]
741 1827 830 1868 οὔτε
848 1827 944 1867 Par.
965 1825 1067 1866 Ald.
1090 1826 1224 1866 Turn.

440 1895 667 1949 Σκύθαισιν]
693 1894 888 1944 Σκύθῃσιν
907 1892 1014 1942 libri,
1035 1892 1112 1933 nisi
1133 1891 1246 1948 quod
1266 1893 1449 1933 Σκύθοισι
1469 1893 1565 1933 Par.

441 1974 537 2014 704.
568 1960 725 2015 κερδῶν]
761 1963 905 2013 κερδῶν
931 1958 961 2000 τ’
999 1959 1204 2000 Pauwius.
1255 1960 1429 2001 Praestat
1462 1962 1605 2011 κερδῶν
1636 1957 1683 2006 δ’,
1707 1958 1820 2014 quod

383 2029 556 2085 conjecit
576 2026 853 2069 Schwenkius.

444 2096 539 2150 708.
561 2095 630 2150 εἷς]
654 2094 925 2136 Scribendum
948 2094 1001 2136 ἐς.

443 2174 538 2218 709.
563 2164 645 2219 καὶ]
669 2163 732 2203 ἐπὶ
753 2161 863 2203 Rob.

443 2241 538 2283 710.
566 2230 814 2280 αἰδουμένους
844 2226 1060 2269 Stanleius.
1100 2225 1340 2277 αἰδουμένοις
1367 2226 1475 2276 libn’,
1495 2226 1842 2281 interpunctione'

385 2307 479 2353 post
498 2298 606 2349 δίκην
625 2296 771 2351 posita,
794 2304 885 2350 post
905 2294 1021 2346 ὅρκον
1039 2292 1197 2334 omissa.

443 2364 578 2416 ὅρκον]
602 2364 721 2414 νόμον
742 2363 838 2402 Par.
969 2409 973 2411 ‚

444 2440 539 2484 713.
575 2429 746 2482 κᾶγωγε]
781 2429 884 2480 κάγώ
918 2443 965 2479 γε
995 2426 1104 2467 Rob.
1136 2425 1278 2481 Steph.
1322 2426 1427 2478 κάγώ
1458 2426 1521 2466 Μ.
1546 2425 1688 2468 Guelf.
1720 2425 1822 2468 Ald.

388 2497 524 2537 Turn.

444 2573 539 2616 714.
564 2562 725 2616 κελεύω]
747 2562 920 2602 κελεύσω
942 2559 1053 2601 Rob.
1113 2558 1232 2599 Idem
1252 2558 1398 2600 vitium
1419 2573 1458 2599 v.
1482 2561 1578 2612 674.

445 2630 540 2681 716.
560 2628 784 2682 μαντεύσει]
804 2628 999 2679 μαντεύσῃ
1018 2625 1124 2667 libri.

443 2695 587 2749 μένων]
610 2693 880 2735 Scribendum
901 2693 1028 2744 νέμων
1048 2706 1141 2733 cum
1163 2692 1417 2732 Hermanno.

446 2773 541 2815 717.
561 2760 585 2813 ἢ
607 2761 833 2817 typothetae
853 2774 965 2801 error
983 2774 1060 2815 pro
1079 2759 1114 2809 ἦ.

445 2842 542 2884 723.
562 2829 736 2882 Φέρητος
756 2829 800 2869 ἐν
819 2826 969 2880 δόμοις]
993 2824 1177 2881 Respicit
1196 2823 1443 2865 Alcestidem
1462 2823 1632 2864 Admeti
1655 2837 1822 2864 uxorem

388 2897 441 2938 ab
458 2895 598 2937 inferis
616 2903 857 2936 revocatam.
914 2893 983 2934 Cf.
1004 2891 1150 2948 Eurip.
1172 2890 1327 2932 Alcest.
1348 2905 1388 2931 v.
1411 2890 1478 2933 28.
1500 2905 1588 2946 sqq.
1621 2891 1752 2932 SCH.

1936 3064 1958 3224 &aff->2³⁴4
1947 3052 1955 3059 x
1946 3040 1956 3046 .·
1948 2998 1958 3033 „³2¹
