<?xml version="1.0" encoding="UTF-8"?>
<!DOCTYPE html PUBLIC "-//W3C//DTD XHTML 1.0 Transitional//EN"
    "http://www.w3.org/TR/xhtml1/DTD/xhtml1-transitional.dtd">
<html xmlns="http://www.w3.org/1999/xhtml" xml:lang="en" lang="en">
 <head>
  <title>
</title>
<meta http-equiv="Content-Type" content="text/html;charset=utf-8" />
  <meta name='ocr-system' content='tesseract 3.04.00' />
  <meta name='ocr-capabilities' content='ocr_page ocr_carea ocr_par ocr_line ocrx_word'/>
</head>
<body>
  <div class='ocr_page' id='page_1' title='image "./p2tragoediaesupe02aescuoft_0277.png"; bbox 0 0 1962 3224; ppageno 0'>
   <div class='ocr_carea' id='block_1_1' title="bbox 639 131 1613 176">
    <p class='ocr_par' dir='ltr' id='par_1_1' title="bbox 639 131 1613 176">
     <span class='ocr_line' id='line_1_1' title="bbox 639 131 1613 176; baseline -0.005 0"><span class='ocrx_word' id='word_1_1' title='bbox 639 136 727 176; x_wconf 92' lang='lat' dir='ltr'>AD</span> <span class='ocrx_word' id='word_1_2' title='bbox 761 133 1117 176; x_wconf 78' lang='lat' dir='ltr'>SUPPLICES,</span> <span class='ocrx_word' id='word_1_3' title='bbox 1526 131 1613 175; x_wconf 82' lang='lat'>593</span> 
     </span>
    </p>
   </div>
   <div class='ocr_carea' id='block_1_2' title="bbox 140 242 1611 840">
    <p class='ocr_par' dir='ltr' id='par_1_2' title="bbox 140 242 1611 504">
     <span class='ocr_line' id='line_1_2' title="bbox 143 242 1608 303; baseline -0.005 -12"><span class='ocrx_word' id='word_1_4' title='bbox 143 264 195 290; x_wconf 86' lang='lat' dir='ltr'>ex</span> <span class='ocrx_word' id='word_1_5' title='bbox 216 248 355 290; x_wconf 86' lang='lat' dir='ltr'>codice</span> <span class='ocrx_word' id='word_1_6' title='bbox 375 246 596 296; x_wconf 84' lang='lat' dir='ltr'>Urbinate,</span> <span class='ocrx_word' id='word_1_7' title='bbox 618 261 660 303; x_wconf 80' lang='lat' dir='ltr'>p.</span> <span class='ocrx_word' id='word_1_8' title='bbox 683 248 707 287; x_wconf 93' lang='lat'><em>6</em></span> <span class='ocrx_word' id='word_1_9' title='bbox 709 258 750 301; x_wconf 84' lang='lat'>5.</span> <span class='ocrx_word' id='word_1_10' title='bbox 776 247 870 301; x_wconf 85' lang='lat'><strong>156.</strong></span> <span class='ocrx_word' id='word_1_11' title='bbox 894 258 940 299; x_wconf 80' lang='lat'>19</span> <span class='ocrx_word' id='word_1_12' title='bbox 943 258 986 300; x_wconf 84' lang='lat'>5.</span> <span class='ocrx_word' id='word_1_13' title='bbox 1011 244 1099 296; x_wconf 86' lang='lat' dir='ltr'>(ubi</span> <span class='ocrx_word' id='word_1_14' title='bbox 1122 242 1250 300; x_wconf 87' lang='lat' dir='ltr'>vulgo</span> <span class='ocrx_word' id='word_1_15' title='bbox 1271 243 1406 284; x_wconf 86' lang='grc' dir='ltr'>ἔπειτα</span> <span class='ocrx_word' id='word_1_16' title='bbox 1428 252 1472 283; x_wconf 91' lang='lat' dir='ltr'>ut</span> <span class='ocrx_word' id='word_1_17' title='bbox 1493 242 1608 299; x_wconf 89' lang='lat' dir='ltr'>apud</span> 
     </span>
     <span class='ocr_line' id='line_1_3' title="bbox 143 311 1610 373; baseline -0.005 -15"><span class='ocrx_word' id='word_1_18' title='bbox 143 316 411 373; x_wconf 86' lang='lat' dir='ltr'>AEschylum)</span> <span class='ocrx_word' id='word_1_19' title='bbox 447 328 542 368; x_wconf 91' lang='grc'>244.</span> <span class='ocrx_word' id='word_1_20' title='bbox 595 313 763 355; x_wconf 89' lang='lat' dir='ltr'>Stanleii</span> <span class='ocrx_word' id='word_1_21' title='bbox 801 313 1078 369; x_wconf 85' lang='lat' dir='ltr'>conjecturam</span> <span class='ocrx_word' id='word_1_22' title='bbox 1114 312 1207 353; x_wconf 88' lang='grc' dir='ltr'>κᾶπὶ</span> <span class='ocrx_word' id='word_1_23' title='bbox 1239 311 1332 352; x_wconf 85' lang='grc' dir='ltr'>τάδε</span> <span class='ocrx_word' id='word_1_24' title='bbox 1366 311 1610 352; x_wconf 83' lang='lat' dir='ltr'>confirmare</span> 
     </span>
     <span class='ocr_line' id='line_1_4' title="bbox 141 379 1611 434; baseline -0.001 -10"><span class='ocrx_word' id='word_1_25' title='bbox 141 384 308 426; x_wconf 91' lang='lat' dir='ltr'>videtur</span> <span class='ocrx_word' id='word_1_26' title='bbox 337 382 567 433; x_wconf 82' lang='lat' dir='ltr'>scholiasta,</span> <span class='ocrx_word' id='word_1_27' title='bbox 590 383 612 422; x_wconf 99' lang='lat'><em>6</em></span> <span class='ocrx_word' id='word_1_28' title='bbox 641 383 684 423; x_wconf 79' lang='grc' dir='ltr'>δὲ</span> <span class='ocrx_word' id='word_1_29' title='bbox 709 382 800 434; x_wconf 83' lang='grc' dir='ltr'>ὅρος</span> <span class='ocrx_word' id='word_1_30' title='bbox 830 383 851 422; x_wconf 90' lang='lat'><em>6</em></span> <span class='ocrx_word' id='word_1_31' title='bbox 871 380 1058 434; x_wconf 81' lang='grc' dir='ltr'>ἡμέτερος</span> <span class='ocrx_word' id='word_1_32' title='bbox 1087 380 1180 421; x_wconf 86' lang='grc' dir='ltr'>τάπὶ</span> <span class='ocrx_word' id='word_1_33' title='bbox 1202 380 1401 431; x_wconf 79' lang='grc' dir='ltr'>Δωδώνην</span> <span class='ocrx_word' id='word_1_34' title='bbox 1422 379 1507 433; x_wconf 86' lang='grc' dir='ltr'>ἔχει</span> <span class='ocrx_word' id='word_1_35' title='bbox 1537 379 1611 422; x_wconf 81' lang='grc' dir='ltr'>ἕως</span> 
     </span>
     <span class='ocr_line' id='line_1_5' title="bbox 140 449 1116 504; baseline -0.006 -9"><span class='ocrx_word' id='word_1_36' title='bbox 140 454 208 504; x_wconf 84' lang='grc' dir='ltr'>τῆς</span> <span class='ocrx_word' id='word_1_37' title='bbox 227 451 447 503; x_wconf 81' lang='grc' dir='ltr'>θαλάσσης·</span> <span class='ocrx_word' id='word_1_38' title='bbox 481 451 544 492; x_wconf 90' lang='grc' dir='ltr'>καὶ</span> <span class='ocrx_word' id='word_1_39' title='bbox 566 449 748 492; x_wconf 84' lang='grc' dir='ltr'>ἐπέκεινα</span> <span class='ocrx_word' id='word_1_40' title='bbox 768 450 811 490; x_wconf 82' lang='grc' dir='ltr'>δὲ</span> <span class='ocrx_word' id='word_1_41' title='bbox 833 453 955 490; x_wconf 84' lang='grc' dir='ltr'>τῶνδε</span> <span class='ocrx_word' id='word_1_42' title='bbox 977 453 1116 502; x_wconf 80' lang='grc' dir='ltr'>κρατῶ.</span> 
     </span>
    </p>

    <p class='ocr_par' dir='ltr' id='par_1_3' title="bbox 140 514 1611 840">
     <span class='ocr_line' id='line_1_6' title="bbox 200 514 1609 575; baseline -0.004 -13"><span class='ocrx_word' id='word_1_43' title='bbox 200 520 296 562; x_wconf 88' lang='grc'>260.</span> <span class='ocrx_word' id='word_1_44' title='bbox 326 518 485 574; x_wconf 82' lang='grc' dir='ltr'>Ἀπίας]</span> <span class='ocrx_word' id='word_1_45' title='bbox 522 517 855 575; x_wconf 86' lang='lat' dir='ltr'>Peloponnesum</span> <span class='ocrx_word' id='word_1_46' title='bbox 885 518 1042 574; x_wconf 69' lang='lat' dir='ltr'>Apiam</span> <span class='ocrx_word' id='word_1_47' title='bbox 1078 517 1131 558; x_wconf 87' lang='lat' dir='ltr'>ab</span> <span class='ocrx_word' id='word_1_48' title='bbox 1162 516 1251 571; x_wconf 79' lang='lat' dir='ltr'>Api</span> <span class='ocrx_word' id='word_1_49' title='bbox 1283 515 1435 557; x_wconf 82' lang='lat' dir='ltr'>dictam</span> <span class='ocrx_word' id='word_1_50' title='bbox 1469 514 1609 566; x_wconf 81' lang='lat' dir='ltr'><strong>tradit,</strong></span> 
     </span>
     <span class='ocr_line' id='line_1_7' title="bbox 141 583 1610 643; baseline -0.001 -15"><span class='ocrx_word' id='word_1_51' title='bbox 141 602 237 643; x_wconf 83' lang='lat' dir='ltr'>quae</span> <span class='ocrx_word' id='word_1_52' title='bbox 266 586 383 643; x_wconf 89' lang='lat' dir='ltr'>prius</span> <span class='ocrx_word' id='word_1_53' title='bbox 408 586 613 642; x_wconf 87' lang='lat' dir='ltr'>AEgialea‚</span> <span class='ocrx_word' id='word_1_54' title='bbox 635 601 759 643; x_wconf 90' lang='lat' dir='ltr'>quem</span> <span class='ocrx_word' id='word_1_55' title='bbox 793 585 982 642; x_wconf 84' lang='lat' dir='ltr'>sequitur</span> <span class='ocrx_word' id='word_1_56' title='bbox 1012 584 1240 627; x_wconf 78' lang='lat' dir='ltr'><strong>Pausanias</strong></span> <span class='ocrx_word' id='word_1_57' title='bbox 1273 597 1313 632; x_wconf 88' lang='grc'>2,</span> <span class='ocrx_word' id='word_1_58' title='bbox 1332 597 1376 638; x_wconf 83' lang='lat'>5,</span> <span class='ocrx_word' id='word_1_59' title='bbox 1398 595 1437 638; x_wconf 87' lang='lat'>5.</span> <span class='ocrx_word' id='word_1_60' title='bbox 1467 583 1610 633; x_wconf 80' lang='grc' dir='ltr'>Οὗτος,</span> 
     </span>
     <span class='ocr_line' id='line_1_8' title="bbox 141 651 1611 710; baseline 0.001 -15"><span class='ocrx_word' id='word_1_61' title='bbox 141 653 293 710; x_wconf 86' lang='lat' dir='ltr'>inquit,</span> <span class='ocrx_word' id='word_1_62' title='bbox 325 656 346 695; x_wconf 87' lang='lat'><em>6</em></span> <span class='ocrx_word' id='word_1_63' title='bbox 371 653 492 698; x_wconf 80' lang='grc' dir='ltr'>Ἀπις</span> <span class='ocrx_word' id='word_1_64' title='bbox 521 656 562 698; x_wconf 90' lang='grc' dir='ltr'>ἐς</span> <span class='ocrx_word' id='word_1_65' title='bbox 587 655 755 696; x_wconf 89' lang='grc' dir='ltr'>τοσόνδε</span> <span class='ocrx_word' id='word_1_66' title='bbox 783 653 928 706; x_wconf 80' lang='grc' dir='ltr'>ηὐξήθη</span> <span class='ocrx_word' id='word_1_67' title='bbox 956 653 1154 706; x_wconf 87' lang='grc' dir='ltr'>δυνάμεως</span> <span class='ocrx_word' id='word_1_68' title='bbox 1184 651 1319 706; x_wconf 86' lang='grc' dir='ltr'>πρὶνῆ</span> <span class='ocrx_word' id='word_1_69' title='bbox 1351 651 1522 694; x_wconf 88' lang='grc' dir='ltr'>Πέλοπα</span> <span class='ocrx_word' id='word_1_70' title='bbox 1555 654 1611 696; x_wconf 83' lang='grc' dir='ltr'>εἷς</span> 
     </span>
     <span class='ocr_line' id='line_1_9' title="bbox 140 719 1607 776; baseline -0.002 -12"><span class='ocrx_word' id='word_1_71' title='bbox 140 721 368 774; x_wconf 83' lang='grc' dir='ltr'>Ὀλυμπίαν</span> <span class='ocrx_word' id='word_1_72' title='bbox 402 722 629 776; x_wconf 82' lang='grc' dir='ltr'>ἀφικέσθαι,</span> <span class='ocrx_word' id='word_1_73' title='bbox 666 723 718 765; x_wconf 83' lang='grc' dir='ltr'>ὡς</span> <span class='ocrx_word' id='word_1_74' title='bbox 749 722 821 773; x_wconf 81' lang='grc' dir='ltr'>τὴν</span> <span class='ocrx_word' id='word_1_75' title='bbox 856 721 970 765; x_wconf 86' lang='grc' dir='ltr'>ἐντὸς</span> <span class='ocrx_word' id='word_1_76' title='bbox 1000 720 1163 773; x_wconf 83' lang='grc' dir='ltr'>Ἰσθμοῦ</span> <span class='ocrx_word' id='word_1_77' title='bbox 1197 722 1332 775; x_wconf 78' lang='grc' dir='ltr'>χώραν</span> <span class='ocrx_word' id='word_1_78' title='bbox 1363 719 1509 762; x_wconf 87' lang='grc' dir='ltr'>Ἀπίαν</span> <span class='ocrx_word' id='word_1_79' title='bbox 1543 719 1607 762; x_wconf 83' lang='grc' dir='ltr'>ἀπ’</span> 
     </span>
     <span class='ocr_line' id='line_1_10' title="bbox 144 789 793 840; baseline -0.002 -9"><span class='ocrx_word' id='word_1_80' title='bbox 144 791 295 832; x_wconf 88' lang='grc' dir='ltr'>ἐκείνου</span> <span class='ocrx_word' id='word_1_81' title='bbox 315 793 537 832; x_wconf 82' lang='grc' dir='ltr'>καλεῖσθαι.</span> <span class='ocrx_word' id='word_1_82' title='bbox 589 789 793 840; x_wconf 82' lang='lat' dir='ltr'>Rhianus‚</span> 
     </span>
    </p>
   </div>
   <div class='ocr_carea' id='block_1_3' title="bbox 426 915 541 923">
    <p class='ocr_par' dir='ltr' id='par_1_4' title="bbox 426 915 541 923">
     <span class='ocr_line' id='line_1_11' title="bbox 426 915 541 923; baseline 0 2301"><span class='ocrx_word' id='word_1_83' title='bbox 426 915 541 923; x_wconf 95' lang='lat' dir='ltr'> </span> 
     </span>
    </p>
   </div>
   <div class='ocr_carea' id='block_1_4' title="bbox 312 889 1271 1014">
    <p class='ocr_par' dir='ltr' id='par_1_5' title="bbox 312 889 1271 1014">
     <span class='ocr_line' id='line_1_12' title="bbox 542 889 1181 945; baseline 0.002 -12"><span class='ocrx_word' id='word_1_84' title='bbox 542 895 610 933; x_wconf 83' lang='grc' dir='ltr'>τοῦ</span> <span class='ocrx_word' id='word_1_85' title='bbox 631 893 675 933; x_wconf 80' lang='grc' dir='ltr'>δὲ</span> <span class='ocrx_word' id='word_1_86' title='bbox 696 891 836 935; x_wconf 85' lang='grc' dir='ltr'>κλυτὸς</span> <span class='ocrx_word' id='word_1_87' title='bbox 858 890 1027 945; x_wconf 83' lang='grc' dir='ltr'>ἐκγένετ’</span> <span class='ocrx_word' id='word_1_88' title='bbox 1044 889 1181 941; x_wconf 77' lang='grc' dir='ltr'>Ἀπις,</span> 
     </span>
     <span class='ocr_line' id='line_1_13' title="bbox 312 958 1271 1014; baseline 0.001 -14"><span class='ocrx_word' id='word_1_89' title='bbox 312 960 358 1003; x_wconf 83' lang='grc' dir='ltr'>ὅς</span> <span class='ocrx_word' id='word_1_90' title='bbox 375 958 408 1013; x_wconf 88' lang='grc' dir='ltr'>ῥ’</span> <span class='ocrx_word' id='word_1_91' title='bbox 428 958 572 1012; x_wconf 90' lang='grc' dir='ltr'>Ἀπίην</span> <span class='ocrx_word' id='word_1_92' title='bbox 594 960 753 1014; x_wconf 73' lang='grc' dir='ltr'>ἐφάτιζε</span> <span class='ocrx_word' id='word_1_93' title='bbox 773 960 837 1001; x_wconf 87' lang='grc' dir='ltr'>καὶ</span> <span class='ocrx_word' id='word_1_94' title='bbox 857 959 1001 1013; x_wconf 83' lang='grc' dir='ltr'>ἀνέρας</span> <span class='ocrx_word' id='word_1_95' title='bbox 1019 959 1271 1011; x_wconf 86' lang='grc' dir='ltr'>Ἀπιδανῆας.</span> 
     </span>
    </p>
   </div>
   <div class='ocr_carea' id='block_1_5' title="bbox 145 1060 1619 2270">
    <p class='ocr_par' dir='ltr' id='par_1_6' title="bbox 145 1060 1618 1731">
     <span class='ocr_line' id='line_1_14' title="bbox 150 1060 1614 1118; baseline 0.001 -15"><span class='ocrx_word' id='word_1_96' title='bbox 150 1060 436 1118; x_wconf 87' lang='lat' dir='ltr'>Apollodorus</span> <span class='ocrx_word' id='word_1_97' title='bbox 458 1073 496 1112; x_wconf 84' lang='lat'>2,</span> <span class='ocrx_word' id='word_1_98' title='bbox 523 1075 559 1102; x_wconf 86' lang='lat'>1.</span> <span class='ocrx_word' id='word_1_99' title='bbox 586 1060 705 1105; x_wconf 75' lang='grc' dir='ltr'>Ἀπις</span> <span class='ocrx_word' id='word_1_100' title='bbox 733 1063 807 1113; x_wconf 78' lang='grc' dir='ltr'>μὲν</span> <span class='ocrx_word' id='word_1_101' title='bbox 827 1062 898 1103; x_wconf 82' lang='grc' dir='ltr'>οὖν</span> <span class='ocrx_word' id='word_1_102' title='bbox 923 1063 977 1105; x_wconf 86' lang='grc' dir='ltr'>εἷς</span> <span class='ocrx_word' id='word_1_103' title='bbox 1006 1063 1216 1115; x_wconf 81' lang='grc' dir='ltr'>τυραννίδα</span> <span class='ocrx_word' id='word_1_104' title='bbox 1235 1062 1308 1113; x_wconf 79' lang='grc' dir='ltr'>τὴν</span> <span class='ocrx_word' id='word_1_105' title='bbox 1329 1063 1469 1103; x_wconf 82' lang='grc' dir='ltr'>ἑαυτοῦ</span> <span class='ocrx_word' id='word_1_106' title='bbox 1496 1079 1614 1115; x_wconf 90' lang='grc' dir='ltr'>μετα-</span> 
     </span>
     <span class='ocr_line' id='line_1_15' title="bbox 145 1128 1614 1185; baseline 0.002 -15"><span class='ocrx_word' id='word_1_107' title='bbox 145 1128 296 1180; x_wconf 78' lang='grc' dir='ltr'>στήσας</span> <span class='ocrx_word' id='word_1_108' title='bbox 312 1129 490 1182; x_wconf 86' lang='grc' dir='ltr'>δύναμιν,</span> <span class='ocrx_word' id='word_1_109' title='bbox 514 1130 578 1170; x_wconf 88' lang='grc' dir='ltr'>καὶ</span> <span class='ocrx_word' id='word_1_110' title='bbox 596 1130 728 1181; x_wconf 88' lang='grc' dir='ltr'>βίαιος</span> <span class='ocrx_word' id='word_1_111' title='bbox 758 1129 814 1171; x_wconf 81' lang='grc' dir='ltr'>ὢν</span> <span class='ocrx_word' id='word_1_112' title='bbox 833 1131 1036 1183; x_wconf 81' lang='grc' dir='ltr'>τύραννος,</span> <span class='ocrx_word' id='word_1_113' title='bbox 1060 1130 1262 1183; x_wconf 86' lang='grc' dir='ltr'>ὀνομάσας</span> <span class='ocrx_word' id='word_1_114' title='bbox 1285 1130 1353 1185; x_wconf 83' lang='grc' dir='ltr'>ἀφ’</span> <span class='ocrx_word' id='word_1_115' title='bbox 1377 1133 1517 1173; x_wconf 80' lang='grc' dir='ltr'>ἑαυτοῦ</span> <span class='ocrx_word' id='word_1_116' title='bbox 1543 1132 1614 1184; x_wconf 80' lang='grc' dir='ltr'>τὴν</span> 
     </span>
     <span class='ocr_line' id='line_1_16' title="bbox 146 1196 1615 1249; baseline 0.003 -10"><span class='ocrx_word' id='word_1_117' title='bbox 146 1199 464 1249; x_wconf 89' lang='grc' dir='ltr'>Πελοπόννησον</span> <span class='ocrx_word' id='word_1_118' title='bbox 481 1196 640 1239; x_wconf 88' lang='grc' dir='ltr'>Ἀπίαν.</span> <span class='ocrx_word' id='word_1_119' title='bbox 672 1198 832 1239; x_wconf 89' lang='lat' dir='ltr'>Euseb.</span> <span class='ocrx_word' id='word_1_120' title='bbox 856 1198 1050 1240; x_wconf 87' lang='lat' dir='ltr'>Chronic.</span> <span class='ocrx_word' id='word_1_121' title='bbox 1074 1200 1178 1240; x_wconf 86' lang='lat' dir='ltr'>Can.</span> <span class='ocrx_word' id='word_1_122' title='bbox 1202 1201 1426 1242; x_wconf 85' lang='grc' dir='ltr'>Σικυωνίων</span> <span class='ocrx_word' id='word_1_123' title='bbox 1454 1201 1475 1240; x_wconf 92' lang='grc' dir='ltr'>ὁ</span> <span class='ocrx_word' id='word_1_124' title='bbox 1495 1198 1615 1244; x_wconf 55' lang='grc' dir='ltr'>ἲΑπις</span> 
     </span>
     <span class='ocr_line' id='line_1_17' title="bbox 148 1265 1615 1320; baseline 0.001 -13"><span class='ocrx_word' id='word_1_125' title='bbox 148 1266 420 1318; x_wconf 84' lang='grc' dir='ltr'>ἐβασίλευσεν</span> <span class='ocrx_word' id='word_1_126' title='bbox 440 1265 506 1317; x_wconf 86' lang='grc' dir='ltr'>ἔτη</span> <span class='ocrx_word' id='word_1_127' title='bbox 529 1265 572 1306; x_wconf 89' lang='grc' dir='ltr'>κέ</span> <span class='ocrx_word' id='word_1_128' title='bbox 590 1265 658 1319; x_wconf 84' lang='grc' dir='ltr'>ὑφ’</span> <span class='ocrx_word' id='word_1_129' title='bbox 679 1266 726 1307; x_wconf 77' lang='grc' dir='ltr'>οὗ</span> <span class='ocrx_word' id='word_1_130' title='bbox 744 1265 867 1308; x_wconf 83' lang='grc' dir='ltr'>Ἀπία</span> <span class='ocrx_word' id='word_1_131' title='bbox 892 1267 916 1318; x_wconf 87' lang='grc' dir='ltr'>ἡ</span> <span class='ocrx_word' id='word_1_132' title='bbox 944 1268 1260 1318; x_wconf 83' lang='grc' dir='ltr'>Πελοπόννησος</span> <span class='ocrx_word' id='word_1_133' title='bbox 1291 1267 1449 1320; x_wconf 84' lang='grc' dir='ltr'>ἐκλήθη.</span> <span class='ocrx_word' id='word_1_134' title='bbox 1501 1267 1615 1318; x_wconf 83' lang='lat' dir='ltr'>Quin</span> 
     </span>
     <span class='ocr_line' id='line_1_18' title="bbox 146 1333 1615 1393; baseline 0.002 -18"><span class='ocrx_word' id='word_1_135' title='bbox 146 1333 374 1390; x_wconf 89' lang='lat' dir='ltr'>AEschylus</span> <span class='ocrx_word' id='word_1_136' title='bbox 393 1333 486 1374; x_wconf 90' lang='lat' dir='ltr'>vult</span> <span class='ocrx_word' id='word_1_137' title='bbox 507 1333 638 1390; x_wconf 83' lang='lat' dir='ltr'>Apim</span> <span class='ocrx_word' id='word_1_138' title='bbox 661 1349 743 1375; x_wconf 91' lang='lat' dir='ltr'>non</span> <span class='ocrx_word' id='word_1_139' title='bbox 770 1349 908 1391; x_wconf 89' lang='lat' dir='ltr'>regem</span> <span class='ocrx_word' id='word_1_140' title='bbox 933 1334 1220 1392; x_wconf 84' lang='lat' dir='ltr'>Sicyoniorum</span> <span class='ocrx_word' id='word_1_141' title='bbox 1242 1336 1383 1387; x_wconf 87' lang='lat' dir='ltr'>fuisse,</span> <span class='ocrx_word' id='word_1_142' title='bbox 1407 1335 1478 1377; x_wconf 87' lang='lat' dir='ltr'>sed</span> <span class='ocrx_word' id='word_1_143' title='bbox 1499 1336 1615 1393; x_wconf 92' lang='lat' dir='ltr'>quod</span> 
     </span>
     <span class='ocr_line' id='line_1_19' title="bbox 146 1400 1615 1461; baseline 0.002 -19"><span class='ocrx_word' id='word_1_144' title='bbox 146 1401 355 1458; x_wconf 83' lang='lat' dir='ltr'>regionem</span> <span class='ocrx_word' id='word_1_145' title='bbox 386 1400 521 1442; x_wconf 82' lang='lat' dir='ltr'>noxiis</span> <span class='ocrx_word' id='word_1_146' title='bbox 551 1401 692 1444; x_wconf 90' lang='lat' dir='ltr'>bestiis</span> <span class='ocrx_word' id='word_1_147' title='bbox 721 1411 955 1459; x_wconf 83' lang='lat' dir='ltr'>purgasset,</span> <span class='ocrx_word' id='word_1_148' title='bbox 986 1402 1029 1444; x_wconf 89' lang='lat' dir='ltr'>in</span> <span class='ocrx_word' id='word_1_149' title='bbox 1056 1403 1244 1445; x_wconf 87' lang='lat' dir='ltr'>beneficii</span> <span class='ocrx_word' id='word_1_150' title='bbox 1270 1403 1427 1461; x_wconf 87' lang='lat' dir='ltr'>accepti</span> <span class='ocrx_word' id='word_1_151' title='bbox 1459 1419 1615 1445; x_wconf 91' lang='lat' dir='ltr'>memo-</span> 
     </span>
     <span class='ocr_line' id='line_1_20' title="bbox 146 1469 1618 1529; baseline 0.002 -18"><span class='ocrx_word' id='word_1_152' title='bbox 146 1469 249 1511; x_wconf 86' lang='lat' dir='ltr'>riam</span> <span class='ocrx_word' id='word_1_153' title='bbox 272 1469 535 1526; x_wconf 88' lang='lat' dir='ltr'>AEgialenses</span> <span class='ocrx_word' id='word_1_154' title='bbox 554 1470 608 1512; x_wconf 88' lang='lat' dir='ltr'>ab</span> <span class='ocrx_word' id='word_1_155' title='bbox 628 1486 678 1512; x_wconf 88' lang='lat' dir='ltr'>eo</span> <span class='ocrx_word' id='word_1_156' title='bbox 698 1480 848 1512; x_wconf 87' lang='lat' dir='ltr'>terram</span> <span class='ocrx_word' id='word_1_157' title='bbox 873 1471 1031 1528; x_wconf 89' lang='lat' dir='ltr'>Apiam</span> <span class='ocrx_word' id='word_1_158' title='bbox 1052 1487 1219 1513; x_wconf 89' lang='lat' dir='ltr'>vocasse</span> <span class='ocrx_word' id='word_1_159' title='bbox 1246 1472 1288 1512; x_wconf 90' lang='lat' dir='ltr'>in</span> <span class='ocrx_word' id='word_1_160' title='bbox 1320 1472 1500 1529; x_wconf 85' lang='lat' dir='ltr'>publicis</span> <span class='ocrx_word' id='word_1_161' title='bbox 1519 1488 1618 1529; x_wconf 87' lang='lat' dir='ltr'>sup-</span> 
     </span>
     <span class='ocr_line' id='line_1_21' title="bbox 146 1538 1618 1596; baseline 0.003 -17"><span class='ocrx_word' id='word_1_162' title='bbox 146 1538 456 1595; x_wconf 86' lang='lat' dir='ltr'>plicationibus,</span> <span class='ocrx_word' id='word_1_163' title='bbox 479 1553 574 1594; x_wconf 85' lang='lat' dir='ltr'>quae</span> <span class='ocrx_word' id='word_1_164' title='bbox 594 1549 716 1581; x_wconf 85' lang='lat' dir='ltr'>antea</span> <span class='ocrx_word' id='word_1_165' title='bbox 736 1539 930 1596; x_wconf 85' lang='lat' dir='ltr'>AEgialea</span> <span class='ocrx_word' id='word_1_166' title='bbox 950 1540 1170 1582; x_wconf 82' lang='lat' dir='ltr'>diceretur.</span> <span class='ocrx_word' id='word_1_167' title='bbox 1217 1543 1438 1595; x_wconf 82' lang='grc' dir='ltr'>Αἰγιαλεῖς,</span> <span class='ocrx_word' id='word_1_168' title='bbox 1455 1540 1618 1583; x_wconf 89' lang='grc' dir='ltr'>Ἀπιδα-</span> 
     </span>
     <span class='ocr_line' id='line_1_22' title="bbox 148 1607 1616 1666; baseline 0.002 -19"><span class='ocrx_word' id='word_1_169' title='bbox 148 1611 241 1655; x_wconf 85' lang='grc' dir='ltr'>νεῖς,</span> <span class='ocrx_word' id='word_1_170' title='bbox 283 1607 621 1659; x_wconf 86' lang='grc' dir='ltr'>Πελοποννήσιοι,</span> <span class='ocrx_word' id='word_1_171' title='bbox 660 1607 784 1649; x_wconf 88' lang='lat' dir='ltr'>iidem</span> <span class='ocrx_word' id='word_1_172' title='bbox 826 1618 936 1650; x_wconf 89' lang='lat' dir='ltr'>sunt.</span> <span class='ocrx_word' id='word_1_173' title='bbox 988 1608 1094 1650; x_wconf 88' lang='lat' dir='ltr'>Vide</span> <span class='ocrx_word' id='word_1_174' title='bbox 1134 1609 1187 1650; x_wconf 89' lang='lat' dir='ltr'>sis</span> <span class='ocrx_word' id='word_1_175' title='bbox 1221 1610 1252 1650; x_wconf 85' lang='lat' dir='ltr'>J</span> <span class='ocrx_word' id='word_1_176' title='bbox 1255 1625 1311 1651; x_wconf 76' lang='lat' dir='ltr'>os,</span> <span class='ocrx_word' id='word_1_177' title='bbox 1344 1609 1542 1666; x_wconf 86' lang='lat' dir='ltr'>Scaliger.</span> <span class='ocrx_word' id='word_1_178' title='bbox 1574 1610 1616 1651; x_wconf 92' lang='lat' dir='ltr'>in</span> 
     </span>
     <span class='ocr_line' id='line_1_23' title="bbox 149 1674 902 1731; baseline 0.001 -16"><span class='ocrx_word' id='word_1_179' title='bbox 149 1674 305 1716; x_wconf 86' lang='lat' dir='ltr'>Euseb.</span> <span class='ocrx_word' id='word_1_180' title='bbox 325 1674 555 1717; x_wconf 90' lang='lat' dir='ltr'>Animadv.</span> <span class='ocrx_word' id='word_1_181' title='bbox 575 1686 646 1731; x_wconf 87' lang='lat'>45.</span> <span class='ocrx_word' id='word_1_182' title='bbox 681 1677 902 1718; x_wconf 84' lang='lat' dir='ltr'>STANL.</span> 
     </span>
    </p>

    <p class='ocr_par' dir='ltr' id='par_1_7' title="bbox 150 1740 1619 2270">
     <span class='ocr_line' id='line_1_24' title="bbox 209 1740 1616 1802; baseline 0.003 -18"><span class='ocrx_word' id='word_1_183' title='bbox 209 1744 306 1784; x_wconf 85' lang='lat'><em>262.</em></span> <span class='ocrx_word' id='word_1_184' title='bbox 331 1740 451 1786; x_wconf 85' lang='grc' dir='ltr'>Ἀπις</span> <span class='ocrx_word' id='word_1_185' title='bbox 473 1745 552 1796; x_wconf 78' lang='grc' dir='ltr'>γὰρ</span> <span class='ocrx_word' id='word_1_186' title='bbox 576 1745 704 1785; x_wconf 84' lang='grc' dir='ltr'>ἐλθὼν</span> <span class='ocrx_word' id='word_1_187' title='bbox 725 1745 767 1785; x_wconf 91' lang='grc' dir='ltr'>ἐκ</span> <span class='ocrx_word' id='word_1_188' title='bbox 797 1744 934 1800; x_wconf 87' lang='grc' dir='ltr'>πέρας]</span> <span class='ocrx_word' id='word_1_189' title='bbox 968 1745 1036 1786; x_wconf 91' lang='lat' dir='ltr'>Sic</span> <span class='ocrx_word' id='word_1_190' title='bbox 1067 1746 1132 1787; x_wconf 94' lang='lat' dir='ltr'>M.</span> <span class='ocrx_word' id='word_1_191' title='bbox 1157 1746 1266 1788; x_wconf 86' lang='lat' dir='ltr'>Rob.</span> <span class='ocrx_word' id='word_1_192' title='bbox 1293 1746 1438 1802; x_wconf 90' lang='lat' dir='ltr'>Steph.</span> <span class='ocrx_word' id='word_1_193' title='bbox 1461 1757 1502 1789; x_wconf 86' lang='lat' dir='ltr'>et</span> <span class='ocrx_word' id='word_1_194' title='bbox 1521 1749 1616 1788; x_wconf 91' lang='lat' dir='ltr'>Eu-</span> 
     </span>
     <span class='ocr_line' id='line_1_25' title="bbox 150 1809 1617 1870; baseline 0.004 -20"><span class='ocrx_word' id='word_1_195' title='bbox 150 1809 326 1851; x_wconf 86' lang='lat' dir='ltr'>stathius</span> <span class='ocrx_word' id='word_1_196' title='bbox 357 1810 411 1851; x_wconf 91' lang='lat' dir='ltr'>ad</span> <span class='ocrx_word' id='word_1_197' title='bbox 447 1811 622 1868; x_wconf 88' lang='lat' dir='ltr'>Dionys.</span> <span class='ocrx_word' id='word_1_198' title='bbox 654 1812 818 1868; x_wconf 80' lang='lat' dir='ltr'>Perieg.</span> <span class='ocrx_word' id='word_1_199' title='bbox 844 1825 943 1865; x_wconf 83' lang='lat'>414.</span> <span class='ocrx_word' id='word_1_200' title='bbox 974 1813 1052 1854; x_wconf 87' lang='lat' dir='ltr'>nisi</span> <span class='ocrx_word' id='word_1_201' title='bbox 1079 1814 1194 1870; x_wconf 88' lang='lat' dir='ltr'>quod</span> <span class='ocrx_word' id='word_1_202' title='bbox 1214 1813 1348 1858; x_wconf 78' lang='grc' dir='ltr'>Ἀπις.</span> <span class='ocrx_word' id='word_1_203' title='bbox 1393 1814 1515 1859; x_wconf 76' lang='grc' dir='ltr'>Ἀπις</span> <span class='ocrx_word' id='word_1_204' title='bbox 1540 1818 1617 1869; x_wconf 80' lang='grc' dir='ltr'>γὰρ</span> 
     </span>
     <span class='ocr_line' id='line_1_26' title="bbox 152 1878 1619 1938; baseline 0.004 -19"><span class='ocrx_word' id='word_1_205' title='bbox 152 1878 282 1919; x_wconf 83' lang='grc' dir='ltr'>ἐλθὼν</span> <span class='ocrx_word' id='word_1_206' title='bbox 300 1879 345 1918; x_wconf 86' lang='grc' dir='ltr'>ἐκ</span> <span class='ocrx_word' id='word_1_207' title='bbox 368 1879 500 1932; x_wconf 78' lang='grc' dir='ltr'>χώρας</span> <span class='ocrx_word' id='word_1_208' title='bbox 523 1879 621 1920; x_wconf 88' lang='lat' dir='ltr'>Ald.</span> <span class='ocrx_word' id='word_1_209' title='bbox 642 1894 694 1921; x_wconf 89' lang='lat' dir='ltr'>ex</span> <span class='ocrx_word' id='word_1_210' title='bbox 723 1879 984 1935; x_wconf 85' lang='lat' dir='ltr'>glossemate,</span> <span class='ocrx_word' id='word_1_211' title='bbox 1006 1897 1092 1938; x_wconf 94' lang='lat' dir='ltr'>quo</span> <span class='ocrx_word' id='word_1_212' title='bbox 1112 1881 1311 1938; x_wconf 87' lang='lat' dir='ltr'>deceptus</span> <span class='ocrx_word' id='word_1_213' title='bbox 1331 1884 1468 1925; x_wconf 88' lang='lat' dir='ltr'>Turn.</span> <span class='ocrx_word' id='word_1_214' title='bbox 1492 1883 1619 1925; x_wconf 90' lang='lat' dir='ltr'>verba</span> 
     </span>
     <span class='ocr_line' id='line_1_27' title="bbox 152 1945 1618 2001; baseline 0.004 -15"><span class='ocrx_word' id='word_1_215' title='bbox 152 1945 406 2001; x_wconf 83' lang='lat' dir='ltr'>transposuit</span> <span class='ocrx_word' id='word_1_216' title='bbox 421 1947 553 2000; x_wconf 76' lang='grc' dir='ltr'>χώρας</span> <span class='ocrx_word' id='word_1_217' title='bbox 568 1948 644 2000; x_wconf 79' lang='grc' dir='ltr'>γὰρ</span> <span class='ocrx_word' id='word_1_218' title='bbox 666 1947 795 1988; x_wconf 84' lang='grc' dir='ltr'>ἐλθὼν</span> <span class='ocrx_word' id='word_1_219' title='bbox 810 1945 930 1991; x_wconf 81' lang='grc' dir='ltr'>Ἆπις</span> <span class='ocrx_word' id='word_1_220' title='bbox 950 1949 1005 1989; x_wconf 90' lang='grc' dir='ltr'>ἐκ.</span> <span class='ocrx_word' id='word_1_221' title='bbox 1057 1948 1330 1991; x_wconf 87' lang='lat' dir='ltr'>Valckenario</span> <span class='ocrx_word' id='word_1_222' title='bbox 1353 1951 1396 1991; x_wconf 91' lang='lat' dir='ltr'>in</span> <span class='ocrx_word' id='word_1_223' title='bbox 1427 1950 1553 1992; x_wconf 90' lang='lat' dir='ltr'>schol.</span> <span class='ocrx_word' id='word_1_224' title='bbox 1574 1950 1618 1992; x_wconf 89' lang='lat' dir='ltr'>in</span> 
     </span>
     <span class='ocr_line' id='line_1_28' title="bbox 153 2013 1619 2071; baseline 0.004 -17"><span class='ocrx_word' id='word_1_225' title='bbox 153 2015 208 2055; x_wconf 94' lang='lat' dir='ltr'>N.</span> <span class='ocrx_word' id='word_1_226' title='bbox 232 2014 288 2055; x_wconf 89' lang='lat' dir='ltr'>T.</span> <span class='ocrx_word' id='word_1_227' title='bbox 309 2013 390 2055; x_wconf 89' lang='lat' dir='ltr'>vol.</span> <span class='ocrx_word' id='word_1_228' title='bbox 417 2028 452 2055; x_wconf 86' lang='lat'>1.</span> <span class='ocrx_word' id='word_1_229' title='bbox 482 2030 522 2071; x_wconf 88' lang='lat' dir='ltr'>p.</span> <span class='ocrx_word' id='word_1_230' title='bbox 545 2028 643 2071; x_wconf 85' lang='lat'>331.</span> <span class='ocrx_word' id='word_1_231' title='bbox 666 2014 926 2056; x_wconf 88' lang='lat' dir='ltr'>scribendum</span> <span class='ocrx_word' id='word_1_232' title='bbox 950 2016 1170 2058; x_wconf 88' lang='lat' dir='ltr'>videbatur</span> <span class='ocrx_word' id='word_1_233' title='bbox 1184 2015 1303 2061; x_wconf 77' lang='grc' dir='ltr'>Ἆπις</span> <span class='ocrx_word' id='word_1_234' title='bbox 1322 2020 1399 2071; x_wconf 79' lang='grc' dir='ltr'>γὰρ</span> <span class='ocrx_word' id='word_1_235' title='bbox 1427 2019 1556 2060; x_wconf 83' lang='grc' dir='ltr'>ἐλθὼν</span> <span class='ocrx_word' id='word_1_236' title='bbox 1577 2020 1619 2070; x_wconf 76' lang='grc' dir='ltr'>ἐξ</span> 
     </span>
     <span class='ocr_line' id='line_1_29' title="bbox 154 2080 1618 2139; baseline 0.003 -16"><span class='ocrx_word' id='word_1_237' title='bbox 154 2082 258 2135; x_wconf 83' lang='grc' dir='ltr'>ἔρας.</span> <span class='ocrx_word' id='word_1_238' title='bbox 279 2081 402 2135; x_wconf 87' lang='grc' dir='ltr'>πέρας</span> <span class='ocrx_word' id='word_1_239' title='bbox 423 2080 522 2138; x_wconf 84' lang='lat' dir='ltr'>legit</span> <span class='ocrx_word' id='word_1_240' title='bbox 538 2082 770 2134; x_wconf 83' lang='lat' dir='ltr'>scholiasta,</span> <span class='ocrx_word' id='word_1_241' title='bbox 784 2083 857 2139; x_wconf 82' lang='lat' dir='ltr'>qui</span> <span class='ocrx_word' id='word_1_242' title='bbox 881 2083 970 2125; x_wconf 86' lang='lat' dir='ltr'>haec</span> <span class='ocrx_word' id='word_1_243' title='bbox 985 2084 1213 2136; x_wconf 84' lang='lat' dir='ltr'>annotavit,</span> <span class='ocrx_word' id='word_1_244' title='bbox 1231 2089 1300 2127; x_wconf 84' lang='grc' dir='ltr'>τοῦ</span> <span class='ocrx_word' id='word_1_245' title='bbox 1314 2086 1494 2139; x_wconf 89' lang='grc' dir='ltr'>πέρατος.</span> <span class='ocrx_word' id='word_1_246' title='bbox 1526 2087 1618 2128; x_wconf 82' lang='grc' dir='ltr'>ἆνε-</span> 
     </span>
     <span class='ocr_line' id='line_1_30' title="bbox 153 2149 1619 2208; baseline 0.005 -18"><span class='ocrx_word' id='word_1_247' title='bbox 153 2151 318 2204; x_wconf 87' lang='grc' dir='ltr'>χρόνισε</span> <span class='ocrx_word' id='word_1_248' title='bbox 351 2150 408 2191; x_wconf 88' lang='grc' dir='ltr'>δέ·</span> <span class='ocrx_word' id='word_1_249' title='bbox 440 2154 518 2191; x_wconf 82' lang='grc' dir='ltr'>τῶν</span> <span class='ocrx_word' id='word_1_250' title='bbox 549 2153 625 2204; x_wconf 75' lang='grc' dir='ltr'>’γὰρ</span> <span class='ocrx_word' id='word_1_251' title='bbox 659 2149 934 2204; x_wconf 74' lang='grc' dir='ltr'>Ἱ-Ιρακλειδῶν</span> <span class='ocrx_word' id='word_1_252' title='bbox 967 2153 1084 2194; x_wconf 88' lang='grc' dir='ltr'>ναυσὶ</span> <span class='ocrx_word' id='word_1_253' title='bbox 1124 2153 1350 2205; x_wconf 83' lang='grc' dir='ltr'>διαβάντων</span> <span class='ocrx_word' id='word_1_254' title='bbox 1385 2156 1440 2198; x_wconf 83' lang='grc' dir='ltr'>εἰς</span> <span class='ocrx_word' id='word_1_255' title='bbox 1467 2153 1619 2208; x_wconf 65' lang='grc' dir='ltr'>Ἀργος</span> 
     </span>
     <span class='ocr_line' id='line_1_31' title="bbox 152 2217 707 2270; baseline 0 -11"><span class='ocrx_word' id='word_1_256' title='bbox 152 2219 273 2261; x_wconf 81' lang='grc' dir='ltr'>οὕτως</span> <span class='ocrx_word' id='word_1_257' title='bbox 293 2217 438 2270; x_wconf 81' lang='grc' dir='ltr'>ἐκλήθη</span> <span class='ocrx_word' id='word_1_258' title='bbox 459 2219 707 2262; x_wconf 85' lang='grc' dir='ltr'>Ναύπακτος.</span> 
     </span>
    </p>
   </div>
   <div class='ocr_carea' id='block_1_6' title="bbox 155 2284 1619 2394">
    <p class='ocr_par' dir='ltr' id='par_1_8' title="bbox 155 2284 1619 2394">
     <span class='ocr_line' id='line_1_32' title="bbox 214 2284 1619 2344; baseline 0.004 -16"><span class='ocrx_word' id='word_1_259' title='bbox 214 2286 310 2337; x_wconf 86' lang='lat'>264.</span> <span class='ocrx_word' id='word_1_260' title='bbox 351 2284 455 2337; x_wconf 83' lang='grc' dir='ltr'>τήνδ’</span> <span class='ocrx_word' id='word_1_261' title='bbox 499 2286 735 2342; x_wconf 88' lang='grc' dir='ltr'>ἐκκαθαίρει]</span> <span class='ocrx_word' id='word_1_262' title='bbox 780 2287 896 2338; x_wconf 84' lang='grc' dir='ltr'>τήνδε</span> <span class='ocrx_word' id='word_1_263' title='bbox 936 2289 1112 2342; x_wconf 88' lang='grc' dir='ltr'>καθαίρει</span> <span class='ocrx_word' id='word_1_264' title='bbox 1151 2289 1251 2332; x_wconf 90' lang='lat' dir='ltr'>Ald.</span> <span class='ocrx_word' id='word_1_265' title='bbox 1301 2291 1409 2341; x_wconf 86' lang='grc' dir='ltr'>τηνδὶ</span> <span class='ocrx_word' id='word_1_266' title='bbox 1442 2292 1619 2344; x_wconf 87' lang='grc' dir='ltr'>καθαίρει</span> 
     </span>
     <span class='ocr_line' id='line_1_33' title="bbox 155 2353 292 2394; baseline -0.007 0"><span class='ocrx_word' id='word_1_267' title='bbox 155 2353 292 2394; x_wconf 88' lang='lat' dir='ltr'>Turn.</span> 
     </span>
    </p>
   </div>
   <div class='ocr_carea' id='block_1_7' title="bbox 214 2420 888 2476">
    <p class='ocr_par' dir='ltr' id='par_1_9' title="bbox 214 2420 888 2476">
     <span class='ocr_line' id='line_1_34' title="bbox 214 2420 888 2476; baseline 0.003 -13"><span class='ocrx_word' id='word_1_268' title='bbox 214 2422 312 2475; x_wconf 83' lang='lat'><em>265.</em></span> <span class='ocrx_word' id='word_1_269' title='bbox 334 2420 400 2476; x_wconf 70' lang='grc' dir='ltr'>δὴ]</span> <span class='ocrx_word' id='word_1_270' title='bbox 422 2423 465 2462; x_wconf 83' lang='grc' dir='ltr'>δὲ</span> <span class='ocrx_word' id='word_1_271' title='bbox 486 2421 631 2463; x_wconf 88' lang='lat' dir='ltr'>Guelf.</span> <span class='ocrx_word' id='word_1_272' title='bbox 653 2422 755 2464; x_wconf 90' lang='lat' dir='ltr'>Ald.</span> <span class='ocrx_word' id='word_1_273' title='bbox 779 2423 888 2465; x_wconf 91' lang='lat' dir='ltr'>Rob.</span> 
     </span>
    </p>
   </div>
   <div class='ocr_carea' id='block_1_8' title="bbox 155 2488 1617 2596">
    <p class='ocr_par' dir='ltr' id='par_1_10' title="bbox 155 2488 1617 2596">
     <span class='ocr_line' id='line_1_35' title="bbox 211 2488 1617 2547; baseline 0.006 -19"><span class='ocrx_word' id='word_1_274' title='bbox 211 2492 393 2529; x_wconf 81' lang='grc' dir='ltr'>παλαιῶν</span> <span class='ocrx_word' id='word_1_275' title='bbox 433 2488 626 2544; x_wconf 85' lang='grc' dir='ltr'>αἱμάτων]</span> <span class='ocrx_word' id='word_1_276' title='bbox 672 2490 915 2541; x_wconf 84' lang='lat' dir='ltr'>Scholiasta,</span> <span class='ocrx_word' id='word_1_277' title='bbox 957 2493 1009 2535; x_wconf 86' lang='grc' dir='ltr'>ὡς</span> <span class='ocrx_word' id='word_1_278' title='bbox 1057 2498 1134 2535; x_wconf 84' lang='grc' dir='ltr'>τῶν</span> <span class='ocrx_word' id='word_1_279' title='bbox 1171 2499 1346 2536; x_wconf 85' lang='grc' dir='ltr'>πολιτῶν</span> <span class='ocrx_word' id='word_1_280' title='bbox 1386 2495 1617 2547; x_wconf 82' lang='grc' dir='ltr'>αὐτοκτονη-</span> 
     </span>
     <span class='ocr_line' id='line_1_36' title="bbox 155 2554 325 2596; baseline 0 0"><span class='ocrx_word' id='word_1_281' title='bbox 155 2554 325 2596; x_wconf 85' lang='grc' dir='ltr'>σάντων.</span> 
     </span>
    </p>
   </div>
   <div class='ocr_carea' id='block_1_9' title="bbox 210 2622 1618 2750">
    <p class='ocr_par' dir='ltr' id='par_1_11' title="bbox 210 2622 1618 2750">
     <span class='ocr_line' id='line_1_37' title="bbox 214 2622 1051 2678; baseline 0.005 -14"><span class='ocrx_word' id='word_1_282' title='bbox 214 2624 310 2665; x_wconf 90' lang='grc'>266.</span> <span class='ocrx_word' id='word_1_283' title='bbox 331 2622 556 2678; x_wconf 85' lang='grc' dir='ltr'>χρανθεΐσ’]</span> <span class='ocrx_word' id='word_1_284' title='bbox 579 2626 764 2677; x_wconf 84' lang='grc' dir='ltr'>χρανθεὶς</span> <span class='ocrx_word' id='word_1_285' title='bbox 784 2626 928 2668; x_wconf 88' lang='lat' dir='ltr'>Guelf.</span> <span class='ocrx_word' id='word_1_286' title='bbox 950 2626 1051 2668; x_wconf 93' lang='lat' dir='ltr'>Ald.</span> 
     </span>
     <span class='ocr_line' id='line_1_38' title="bbox 210 2689 1618 2750; baseline 0.006 -20"><span class='ocrx_word' id='word_1_287' title='bbox 210 2689 355 2742; x_wconf 84' lang='grc' dir='ltr'>μηνιαῑ’</span> <span class='ocrx_word' id='word_1_288' title='bbox 377 2690 470 2747; x_wconf 78' lang='grc' dir='ltr'>ἄκη]</span> <span class='ocrx_word' id='word_1_289' title='bbox 505 2690 572 2731; x_wconf 87' lang='lat' dir='ltr'>Sic</span> <span class='ocrx_word' id='word_1_290' title='bbox 596 2692 811 2733; x_wconf 87' lang='lat' dir='ltr'>emendavi</span> <span class='ocrx_word' id='word_1_291' title='bbox 833 2693 1078 2750; x_wconf 85' lang='lat' dir='ltr'>scripturam</span> <span class='ocrx_word' id='word_1_292' title='bbox 1107 2695 1297 2736; x_wconf 81' lang='lat' dir='ltr'>codicum</span> <span class='ocrx_word' id='word_1_293' title='bbox 1319 2704 1361 2736; x_wconf 88' lang='lat' dir='ltr'>et</span> <span class='ocrx_word' id='word_1_294' title='bbox 1382 2695 1484 2737; x_wconf 89' lang='lat' dir='ltr'>Ald.</span> <span class='ocrx_word' id='word_1_295' title='bbox 1506 2698 1618 2741; x_wconf 83' lang='lat' dir='ltr'>Rob.</span> 
     </span>
    </p>
   </div>
   <div class='ocr_carea' id='block_1_10' title="bbox 154 2758 1617 2818">
    <p class='ocr_par' dir='ltr' id='par_1_12' title="bbox 154 2758 1617 2818">
     <span class='ocr_line' id='line_1_39' title="bbox 154 2758 1617 2818; baseline 0.006 -20"><span class='ocrx_word' id='word_1_296' title='bbox 154 2761 332 2810; x_wconf 84' lang='grc' dir='ltr'>μηνεῖται</span> <span class='ocrx_word' id='word_1_297' title='bbox 360 2758 446 2809; x_wconf 84' lang='grc' dir='ltr'>ἄκη,</span> <span class='ocrx_word' id='word_1_298' title='bbox 468 2773 520 2799; x_wconf 89' lang='lat' dir='ltr'>ex</span> <span class='ocrx_word' id='word_1_299' title='bbox 541 2773 627 2814; x_wconf 90' lang='lat' dir='ltr'>qua</span> <span class='ocrx_word' id='word_1_300' title='bbox 646 2759 785 2801; x_wconf 87' lang='lat' dir='ltr'>Turn.</span> <span class='ocrx_word' id='word_1_301' title='bbox 816 2770 858 2802; x_wconf 87' lang='lat' dir='ltr'>et</span> <span class='ocrx_word' id='word_1_302' title='bbox 890 2762 1035 2818; x_wconf 86' lang='lat' dir='ltr'>Steph.</span> <span class='ocrx_word' id='word_1_303' title='bbox 1067 2762 1169 2814; x_wconf 88' lang='grc' dir='ltr'>μήνη</span> <span class='ocrx_word' id='word_1_304' title='bbox 1197 2764 1261 2804; x_wconf 88' lang='grc' dir='ltr'>καὶ</span> <span class='ocrx_word' id='word_1_305' title='bbox 1290 2763 1386 2815; x_wconf 88' lang='grc' dir='ltr'>δάκη</span> <span class='ocrx_word' id='word_1_306' title='bbox 1415 2763 1617 2808; x_wconf 87' lang='lat' dir='ltr'>fecerunt.</span> 
     </span>
    </p>
   </div>
   <div class='ocr_carea' id='block_1_11' title="bbox 154 2825 1616 2936">
    <p class='ocr_par' dir='ltr' id='par_1_13' title="bbox 154 2825 1616 2936">
     <span class='ocr_line' id='line_1_40' title="bbox 154 2825 1616 2884; baseline 0.006 -18"><span class='ocrx_word' id='word_1_307' title='bbox 154 2825 304 2878; x_wconf 78' lang='grc' dir='ltr'>μηνιαῖ’</span> <span class='ocrx_word' id='word_1_308' title='bbox 336 2826 408 2878; x_wconf 85' lang='grc' dir='ltr'>ἄκη</span> <span class='ocrx_word' id='word_1_309' title='bbox 439 2825 580 2868; x_wconf 88' lang='lat' dir='ltr'>beluas</span> <span class='ocrx_word' id='word_1_310' title='bbox 606 2826 707 2868; x_wconf 86' lang='lat' dir='ltr'>dicit</span> <span class='ocrx_word' id='word_1_311' title='bbox 733 2827 904 2884; x_wconf 87' lang='lat' dir='ltr'>singulis</span> <span class='ocrx_word' id='word_1_312' title='bbox 931 2829 1142 2871; x_wconf 88' lang='lat' dir='ltr'>mensibus</span> <span class='ocrx_word' id='word_1_313' title='bbox 1172 2830 1338 2872; x_wconf 87' lang='lat' dir='ltr'>emissas</span> <span class='ocrx_word' id='word_1_314' title='bbox 1363 2831 1616 2876; x_wconf 89' lang='lat' dir='ltr'>ulciscendo-</span> 
     </span>
     <span class='ocr_line' id='line_1_41' title="bbox 156 2893 642 2936; baseline 0.004 -2"><span class='ocrx_word' id='word_1_315' title='bbox 156 2907 249 2935; x_wconf 90' lang='lat' dir='ltr'>rum</span> <span class='ocrx_word' id='word_1_316' title='bbox 270 2893 469 2935; x_wconf 87' lang='lat' dir='ltr'>scelerum</span> <span class='ocrx_word' id='word_1_317' title='bbox 488 2909 642 2936; x_wconf 89' lang='lat' dir='ltr'>caussa.</span> 
     </span>
    </p>
   </div>
   <div class='ocr_carea' id='block_1_12' title="bbox 851 2979 927 3017">
    <p class='ocr_par' dir='ltr' id='par_1_14' title="bbox 851 2979 927 3017">
     <span class='ocr_line' id='line_1_42' title="bbox 851 2979 927 3017; baseline 0.013 -12"><span class='ocrx_word' id='word_1_318' title='bbox 851 2979 927 3017; x_wconf 79' lang='lat' dir='ltr'>4F</span> 
     </span>
    </p>
   </div>
  </div>
 </body>
</html>
