1962 3224
391 206 476 247 378
863 210 1356 251 ANNOTATIONES

392 314 535 365 sibilia,
565 315 768 371 profectos
796 331 881 357 esse
904 316 1036 364 dicat;
1069 317 1173 359 sicut
1193 326 1360 358 venator
1387 317 1485 358 ferae
1505 315 1673 371 vestigia
1693 329 1825 370 perse-

390 380 544 436 quitur.
578 382 710 424 SCH.
769 382 967 424 Deleatur
987 399 1145 425 comma
1163 393 1255 440 post
1274 382 1512 436 φεράσπιδες
1530 381 1722 438 positum.

447 448 542 502 694.
563 449 762 490 Deleatur
781 458 981 504 punctum
1003 461 1094 505 post
1113 453 1222 504 ἴχνος
1242 451 1294 491 ab
1315 450 1530 506 typotheta
1547 448 1739 505 positum.

446 516 542 569 695.
563 515 735 569 πλάταν]
761 515 1029 556 scribendum
1050 520 1202 557 πλατᾶν
1221 531 1313 557 cum
1337 516 1530 557 Heathio.

445 582 540 634 696.
563 580 778 623 κέλσαντες
797 581 999 621 Auratus.
1031 581 1256 622 κελσάντων
1276 580 1380 622 libri.

445 649 541 702 697.
564 648 822 700 ἀεξιφύλλους
842 648 897 688 Τ.
929 648 1165 699 ἀξιφύλλους
1184 647 1287 688 libri.

445 715 540 767 699.
568 715 953 768 Ἰλίῳ-ἀνατλᾶσα]
979 715 1060 754 Ilio
1079 720 1215 754 autem
1239 715 1480 769 affinitatem
1503 714 1651 768 (κῆδος)
1674 728 1767 755 vere
1795 728 1822 754 a

386 781 500 820 curis
523 780 666 834 (κήδει)
688 782 941 821 nominatam
961 787 1131 821 strenua
1150 782 1217 821 ira
1241 781 1478 821 Graecorum
1499 792 1539 822 et
1558 781 1610 822 ad
1632 781 1822 821 ulciscen—

387 846 486 887 dum
517 857 678 902 promta
697 847 851 896 attulit,
872 860 1021 887 mensae
1039 847 1267 902 hospitalis,
1289 862 1372 902 qua
1392 847 1608 887 Menelaus
1629 846 1821 888 Paridem

385 923 610 968 exceperat,
631 919 670 954 et
687 913 902 968 hospitalis
920 914 1041 953 Jovis
1061 913 1440 960 dehonestationem,
1462 929 1492 955 S.
1513 914 1602 969 ejus
1628 914 1751 969 spreti
1781 925 1822 956 et

384 979 578 1021 contemti
600 979 806 1034 injuriam,
824 985 1108 1035 persecutum,
1133 983 1293 1035 (poenas
1308 994 1384 1034 pro
1402 995 1450 1020 ea
1465 984 1694 1034 exactura,)
1715 995 1822 1037 nup-

384 1047 482 1088 tiale
509 1049 615 1089 illud
645 1048 847 1087 canticum
882 1062 911 1087 s.
946 1045 1205 1101 hymenaeum
1237 1061 1369 1102 supra
1403 1048 1562 1087 modum
1588 1050 1820 1103 punientis,

382 1115 490 1170 quod
518 1120 616 1155 tunc
642 1115 786 1169 affines
816 1113 977 1154 Paridis
1002 1113 1043 1153 in
1069 1113 1177 1154 illius
1203 1123 1243 1154 et
1270 1129 1428 1169 sponsae
1455 1115 1648 1156 honorem
1674 1131 1822 1157 canen-

383 1181 482 1221 dum
501 1181 581 1221 sibi
601 1181 927 1220 arbitrabantur.
968 1181 1120 1221 Postea
1137 1194 1232 1220 vero
1252 1186 1368 1221 vetus
1388 1182 1551 1222 Pria-mi
1571 1183 1670 1223 urbs
1690 1184 1819 1224 alium

382 1255 548 1288 cantum
578 1247 712 1287 luctus
733 1247 904 1302 plenum
934 1247 1088 1287 discere
1115 1248 1249 1302 caepit,
1278 1253 1317 1288 et
1343 1250 1541 1303 graviter
1569 1250 1818 1305 ingemiscit,

381 1314 612 1354 inclamans
642 1314 837 1353 Paridem
865 1314 1044 1368 infausti
1076 1315 1263 1369 conjugii
1298 1320 1520 1365 auctorem,
1547 1316 1820 1371 lacrymosam

380 1381 427 1420 in
440 1385 653 1436 posterum
676 1381 804 1420 vitam
824 1381 935 1420 circa
954 1381 1112 1420 tristem
1131 1381 1284 1421 civium
1312 1382 1579 1437 sanguinem,
1600 1381 1818 1438 sanguino-

380 1449 530 1489 lentam
550 1446 700 1488 civium
720 1446 887 1494 caedem,
909 1447 1098 1488 tolerans.
1132 1447 1262 1487 SCH.

438 1525 534 1569 700.
555 1515 830 1566 τελεσσίφρων
852 1514 908 1555 Τ.
938 1514 1183 1567 τελεσίφρων
1202 1513 1307 1555 libri.

439 1594 534 1636 701.
554 1582 724 1635 ἤλασεν]
750 1581 874 1622 ἔλασε
892 1581 1032 1636 Steph.
1083 1582 1322 1622 Correctum
1339 1596 1389 1622 ex
1413 1582 1467 1622 T.
1488 1582 1560 1637 qui
1580 1583 1719 1635 ἤλασε.

438 1659 533 1702 702.
554 1649 741 1700 ἀτίμωσιν
763 1649 979 1689 Canterus.
1011 1649 1152 1699 ἀτίμως
1173 1647 1219 1688 ἵν’
1244 1647 1383 1703 vulgo.
1412 1648 1460 1689 ἵν’
1481 1664 1563 1692 om.
1585 1651 1640 1692 T.

438 1727 492 1770 70
492 1730 532 1770 5.
556 1717 655 1757 Post
674 1715 931 1768 πρασσομένα
949 1725 990 1756 et
1009 1717 1158 1758 τίοντος
1176 1726 1376 1756 commata
1396 1726 1614 1772 ponantur.

437 1785 533 1836 706.
554 1781 726 1837 τίοντας]
751 1782 1052 1838 Corrigendum
1072 1783 1222 1825 τίοντος
1241 1797 1334 1823 cum
1359 1783 1592 1824 Schuetzio.

437 1861 532 1904 707.
573 1850 762 1902 ἐπέρρεπε
801 1851 1022 1890 Porsonus.
1072 1849 1202 1889 Recte
1228 1848 1354 1904 vulgo
1385 1850 1610 1903 ε’πέρρεπεν.
1657 1851 1819 1905 ε’πέπρε-

379 1935 453 1960 πεν
475 1919 531 1958 Τ.

437 1996 532 2040 709.
554 1983 866 2037 μεταμανθάνειν
893 1984 1028 2034 ὕμνον,
1054 1983 1229 2023 Veterem
1258 1983 1505 2024 cantilenam
1534 1984 1749 2036 dediscere,
1779 1991 1820 2027 et

379 2068 528 2095 novam
558 2054 726 2094 discere.
755 2050 970 2106 Aristoph.
1002 2049 1116 2090 Plut.
1144 2061 1241 2104 925.
1274 2048 1351 2090 οὐδ’
1383 2049 1432 2091 ἂν
1457 2051 1712 2102 μεταμάθοις;
1746 2051 1818 2092 ubi

379 2119 504 2161 schol.
541 2120 675 2172 κυρίως
714 2117 758 2158 τὸ
789 2120 1025 2168 μεταμαθεῖν
1067 2116 1208 2169 ἔλεγον
1245 2116 1289 2156 τὸ
1326 2119 1424 2168 μετὰ
1455 2120 1574 2158 ταῦτα
1612 2118 1744 2170 ἕτερόν
1781 2134 1819 2158 τι

378 2189 533 2238 μαθεῖν,
553 2185 765 2238 ἀφιεμένου
785 2188 853 2225 τοῦ
874 2185 1038 2236 πρώτου.
1070 2183 1297 2224 BLOMF.

437 2262 533 2306 710.
557 2252 757 2292 Deleatur
776 2265 934 2292 comma
954 2259 1045 2306 post
1063 2248 1212 2302 γεραιά.

437 2327 530 2371 714.
562 2318 794 2370 παμπρόσθη
817 2316 1055 2371 (πάμπροσθ’
1080 2316 1104 2366 ἡ
1129 2314 1415 2369 Blomfieldus)
1437 2316 1682 2368 πολύθρηνον
1711 2316 1816 2358 αἰῶν’

378 2385 479 2437 ἀμφὶ
507 2385 691 2439 πολιτᾶν]
725 2382 868 2424 Lectio
895 2390 1103 2438 corrupta,
1124 2381 1176 2422 de
1196 2396 1279 2436 qua
1298 2380 1571 2436 conjecturam
1602 2384 1817 2438 proposuit

377 2451 645 2491 Hermannus
674 2449 716 2489 in
748 2453 899 2504 Opusc.
930 2448 1010 2489 vol.
1038 2461 1077 2500 4.
1104 2462 1147 2503 p.
1173 2445 1274 2502 337.¹
1307 2446 1376 2487 τὸν
1410 2447 1661 2500 αἰνόλεκτρον
1687 2446 1693 2503 Ι
1717 2447 1818 2500 πάμ-

376 2514 529 2568 προσθ’,
557 2516 581 2566 ἦ
610 2516 857 2568 πολύθρηνον
881 2514 888 2570 Ι
915 2516 1048 2561 αἰῶνα,
1081 2516 1201 2568 φίλον
1221 2516 1392 2569 ,πολιτᾶν
1418 2512 1425 2569 Ι
1449 2513 1594 2565 μέλεον
1622 2512 1698 2565 αἷμ’
1721 2514 1814 2564 ἀνα-

379 2585 524 2623 τλᾶσα.

435 2659 529 2702 717.
563 2647 759 2703 Sequitur
787 2648 980 2704 allegoria
1011 2647 1257 2689 suavissimis
1286 2647 1489 2688 coloribus
1518 2646 1691 2704 expieta.
1741 2648 1817 2689 Sic

377 2716 445 2756 vir
473 2716 626 2771 aliquis
654 2717 865 2757 nutriebat
893 2716 1139 2765 leunculum,
1170 2715 1340 2755 uberum
1367 2720 1586 2763 amantem,
1611 2713 1684 2754 sed
1715 2714 1816 2754 lacte

374 2782 606 2837 depulsum,
637 2783 796 2824 cedibus
819 2783 1025 2824 exitialem
1043 2799 1057 2828 ,·
1089 2783 1136 2822 in
1166 2783 1264 2823 vitae
1292 2781 1454 2837 quidem
1478 2780 1682 2836 primitiis
1709 2781 1816 2820 cicu-

374 2863 473 2899 rem,
486 2850 637 2905 pueris
655 2863 814 2900 carum,
835 2856 873 2890 et
892 2850 1057 2890 senibus
1077 2862 1233 2904 quoque
1247 2853 1438 2904 gratum,
1454 2855 1530 2888 etc.
1562 2846 1691 2887 SCH.
