1962 3224
625 138 717 179 AD
749 137 1113 180 SUPPLICES.·
1517 134 1602 177 603

194 249 362 306 πόλεος]
383 248 538 291 πόλεως
556 246 660 289 Ald.
682 246 794 288 Rob.

194 315 452 372 ἐστεμμένην]
473 315 692 368 ἐστεμμένη
714 315 780 357 Μ.
802 313 944 356 Guelf.
966 312 1069 355 ΑΜ.

190 394 292 439 345.
314 384 502 438 πέφρικα]
527 383 685 438 πέφυκα
706 383 772 424 Μ.
795 383 891 424 Par.
914 381 1058 425 Guelf.
1081 381 1184 424 Ald.
1207 382 1343 423 Turn.

190 452 391 508 λεύσσων]
411 453 569 495 λεύσων
589 453 654 494 Μ.
677 451 788 493 Rob.

190 518 300 561 τάσδ’
324 520 456 575 ἕδρας]
480 519 649 573 τάδέδρα
667 534 719 561 ex
741 519 807 560 M.
829 518 1016 561 affertur.
1064 518 1154 562 τοὺς
1175 517 1293 572 δέδρα
1312 518 1416 559 Ald.
1459 516 1602 559 τούσδε

133 589 228 640 δρᾶν
249 588 385 629 Turn.
416 587 506 631 τοὺς
526 587 559 629 δ’
581 588 791 640 ἑδρακοτας
810 586 924 639 βίους
943 587 1040 628 Par.
1064 585 1208 628 Guelf.

187 655 286 710 346.
311 655 475 711 ἱκεσίου]
495 656 636 697 ἱκετίου
657 654 760 696 Ald.
806 655 936 696 Hunc
957 669 1121 696 versum
1142 653 1232 711 regi
1251 653 1468 696 continuat
1489 652 1600 695 Rob.

188 724 723 779 347-353=359—364·

489 804 505 822 Ε

187 843 286 888 347.
307 833 439 890 τέκος]
461 835 574 878 τόκος
596 835 664 876 Μ.

187 913 285 956 349.
306 918 357 954 με
375 903 449 943 τᾶν
471 901 616 958 Steph.
646 901 775 956 μέγαν
794 901 890 944 libri
911 901 1072 958 reliqui.

190 968 310 1010 ἶκέτιν
331 970 398 1010 Μ.
419 970 517 1011 Par.
541 969 652 1012 Rob.
685 969 816 1022 ἱκέτην
835 969 1001 1026 reliqui.

187 1047 288 1092 350.
318 1038 597 1079 λευκόστικτον
627 1038 737 1080 Rob.
766 1037 914 1094 Steph.
957 1038 1210 1080 λευκόδικτον
1240 1037 1307 1079 Μ.
1331 1037 1428 1078 Par.
1451 1034 1598 1078 Guelf.

133 1103 236 1144 Ald.
259 1105 398 1147 Turn.
451 1106 620 1147 Partem
641 1105 728 1147 veri
747 1105 852 1147 vidit
874 1105 1119 1162 Burgesius,
1139 1119 1272 1162 quum
1303 1105 1408 1160 λύκῳ
1439 1103 1602 1158 δερκτὸν

134 1171 200 1213 vel
230 1172 370 1224 δηκτὸν
401 1172 643 1230 conjiceret:
675 1173 899 1231 legendum
935 1173 1044 1215 enim
1071 1174 1335 1215 λυκοδίωκτον
1361 1187 1457 1213 cum
1491 1173 1603 1213 Her-

133 1254 286 1282 manno
316 1241 472 1297 Opusc.
495 1241 576 1284 vol.
599 1255 639 1294 4.
672 1257 712 1299 p.
734 1255 833 1298 340.
886 1242 947 1283 Et
977 1241 1050 1293 sic,
1078 1250 1127 1283 ut
1156 1241 1334 1291 videtur,
1367 1239 1600 1292 scholiasta,

132 1307 208 1364 qui
237 1309 428 1366 proxima
455 1310 583 1352 verba
612 1310 669 1353 sic
698 1310 1006 1368 interpretatur,
1037 1313 1091 1366 τῷ
1119 1312 1257 1362 ἑαυτῆς
1290 1312 1431 1363 βοτῆρι
1457 1310 1599 1362 σημαί-

136 1393 261 1419 νουσα
281 1377 369 1422 τοὺς
388 1379 594 1433 διωγμούς.

190 1446 245 1497 ἄμ
264 1444 439 1502 πέτραις]
460 1446 674 1500 ἀμπέτραις
693 1445 803 1488 libri.

189 1526 214 1569 3
217 1522 288 1568 51.
320 1513 588 1566 ἠλιβάτοισιν.
610 1515 734 1569 ἀλκᾷ]
770 1513 1044 1556 Scribendum
1064 1513 1285 1566 ἠλιβάτοις,
1308 1512 1356 1555 ἵν’
1379 1514 1483 1569 ἀλκᾷ
1504 1529 1597 1555 cum

131 1579 404 1622 Valckenario
434 1580 487 1622 ad
518 1581 670 1639 Eurip.
702 1581 852 1623 Phoen.
883 1593 979 1637 215.
1017 1580 1094 1623 nisi
1127 1581 1243 1638 quod
1278 1580 1432 1623 Dorica
1464 1581 1600 1624 forma

131 1648 390 1705 praeferenda
408 1648 629 1702 ἀλιβάτοις.

187 1730 212 1772 3
216 1727 285 1771 54.
308 1717 550 1771 νεοδρόποις]
579 1716 827 1770 νεοδρέπτοις
848 1718 944 1758 Par.

187 1794 286 1839 355.
309 1783 402 1826 νέον
423 1783 480 1840 θ’]
504 1785 651 1827 Lectio
669 1784 827 1826 vitiosa.
860 1784 1010 1827 νεύονθ’
1044 1785 1375 1842 Bambergerus:
1409 1785 1526 1841 quod
1545 1784 1598 1827 de

132 1850 256 1892 ramis
275 1850 521 1893 nutantibus
539 1851 870 1908 intelligendum.

190 1919 288 1973 356.
320 1918 561 1974 ἀστοξένων]
593 1919 855 1975 Hesychius:
897 1920 1105 1971 ἀστόξενοι
1134 1922 1172 1961 οἱ
1202 1920 1313 1973 γένει
1345 1921 1420 1972 μὲν
1452 1920 1599 1973 προσή-

134 2002 281 2034 κοντες,
304 1987 369 2028 ἐπὶ
395 1987 438 2028 δὲ
457 1989 524 2039 τῆς
555 1987 663 2041 (γῆς)
687 1988 915 2040 ἀλλοδαπῆς
944 1988 1170 2042 γεγονότες·
1203 1990 1240 2029 οἱ
1271 1989 1314 2030 δὲ
1343 1989 1434 2032 τοὺς
1463 1988 1600 2040 ξένους

131 2054 207 2105 μὲν
225 2054 355 2101 ὄντας,
383 2054 447 2096 ἐπὶ
464 2055 555 2111 τιμῇ
576 2056 619 2096 δὲ
639 2056 784 2101 ἀστοὺς
797 2057 1048 2111 γενομένους.
1096 2058 1219 2101 Prior
1239 2058 1484 2116 significatio
1499 2059 1599 2102 huic

133 2119 224 2162 loco
254 2121 456 2163 convenit.
512 2123 684 2167 STANL.
745 2125 956 2182 Equidem
998 2125 1042 2167 in
1081 2126 1308 2179 ἀστοξένων
1341 2127 1442 2168 nihil
1484 2127 1600 2171 aliud

132 2204 259 2245 quam
288 2189 498 2232 notionem
517 2190 724 2249 hospitum
745 2194 933 2236 civitatis
952 2194 1221 2251 quaerendam
1241 2204 1359 2253 puto.
1409 2197 1599 2249 Utinam,

131 2256 269 2313 inquit
298 2256 516 2315 Pelasgus,
546 2260 763 2317 negotium
786 2261 998 2318 hospitum
1026 2263 1215 2316 illarum,
1244 2279 1342 2321 quae
1369 2264 1429 2305 ad
1455 2265 1599 2307 urbem

132 2330 322 2366 nostram
340 2333 615 2378 accesserunt,
635 2329 728 2370 sine
747 2330 934 2372 civitatis
953 2330 1106 2372 damno
1122 2336 1391 2390 peragatur!
1424 2334 1558 2375 SCH.

188 2402 288 2447 357.
310 2394 634 2453 κάπρομηθήτων]
658 2397 964 2450 κάπρομυθήτων
987 2399 1124 2440 Turn.
1148 2399 1293 2456 Steph.

189 2471 215 2514 3
219 2459 288 2514 58.
309 2461 448 2516 ἴδοιτο]
470 2464 547 2504 ἴδοι
567 2464 706 2505 Turn.

193 2525 271 2578 δῆτ’
292 2527 438 2570 ἄνατον
458 2530 668 2572 Pauwius.
700 2534 796 2584 δῆτα
814 2534 888 2574 τᾶν
909 2533 1056 2575 ἄνατον
1075 2533 1182 2576 libri.

191 2594 290 2649 360.
320 2595 498 2651 κλαρίου]
530 2597 772 2650 Scholiasta,
792 2599 922 2642 πάντα
947 2603 1046 2644 πᾶσι
1073 2605 1310 2655 κληροῦντος
1329 2605 1392 2646 καὶ
1413 2606 1591 2659 κραίνον-

135 2678 216 2705 τος.
249 2662 402 2714 ἰλαρίου
424 2663 568 2705 Guelf.
589 2665 692 2708 Ald.

192 2731 291 2785 361.
312 2729 401 2783 παρ’
423 2731 618 2785 ὀψιγόνου
636 2732 753 2789 μάθε]
775 2734 844 2775 Ita
866 2735 1055 2792 Choeph.
1083 2738 1189 2792 169:

305 2810 398 2851 Πῶς
417 2809 488 2850 οὖν
507 2812 661 2852 παλαιὰ
680 2813 787 2864 παρὰ
806 2812 997 2867 νεωτέρας
1014 2814 1139 2866 μάθω.
1176 2817 1342 2858 STAN
1345 2818 1401 2859 L.

192 2896 441 2949 γεραιόφρων
460 2912 512 2939 ex
534 2898 726 2956 Burgesii
744 2900 981 2957 conjectura
1000 2903 1165 2961 legitur,
1187 2907 1378 2962 quamvis
1397 2924 1480 2951 non
1500 2911 1596 2954 satis

800 2982 829 3022 4
849 2985 876 3011 c.
899 2982 923 3014 2
