1962 3224
330 180 834 225 ANNOTATIONES
865 179 955 221 AD
987 175 1345 220 SUPPLICES.
1492 173 1578 216 577

172 313 215 353 4.
235 299 329 356 ἀπὸ]
349 299 425 353 πρὸ
447 299 584 340 Turn.

171 367 436 424 προστομίων]
457 367 628 420 στομίων
647 364 750 408 Ald.
773 365 913 406 Turn.

173 428 496 490 λεπτοψαμάθων
515 433 724 477 Pauwius.
755 434 1017 484 λεπτομαθῶν
1035 429 1146 472 libri.

172 515 217 560 5.
238 504 340 559 δίαν]
358 507 446 546 δῖαν
466 504 605 545 Turn.
625 501 745 544 male.
778 502 829 542 V.
849 500 903 542 ad
923 498 1075 556 Eurip.
1096 497 1228 539 Rhes.
1251 506 1347 547 224.

173 575 361 614 λιποῦσαι
383 573 520 613 Turn.
544 570 689 627 Steph.
705 573 918 612 λειποῦσαι
939 567 1037 622 (hoc
1056 565 1250 619 accentu)
1271 562 1367 604 libri
1387 561 1550 618 reliqui.

175 651 212 692 7.
243 641 493 692 δημηλασίαν
525 639 613 682 duo
643 638 736 680 libri
774 635 1027 695 Spanhemii.
1069 634 1294 687 δημηλασία
1323 631 1464 687 vulgo.
1514 630 1583 671 De

117 707 419 749 constructione
440 723 476 749 v.
500 706 685 749 Lobeck.
705 705 761 748 ad
784 705 913 762 Soph.
935 704 1057 761 Ajac.
1078 718 1120 760 p.
1142 712 1242 758 351.

178 776 217 817 8.
239 774 497 830 γνωσθεῖσαι]
518 776 604 816 Pro
625 776 969 828 καταγνωσθεῖσαι
987 771 1159 814 dictum.

178 857 219 898 9.
240 844 432 897 αὖτογενῆ
451 843 522 884 τὸν
540 842 758 897 φυξάνορα]
786 839 933 883 Lectio
953 838 1112 881 vitiosa.
1155 838 1347 891 αὖτογενῆ
1368 836 1587 891 φυξανορίᾳ

122 912 393 952 Hermannus
424 912 581 968 Opusc.
609 909 689 951 vol.
713 922 751 952 2.
783 924 824 966 p.
844 922 944 964 330.
976 908 1186 961 αὐτογενεῖ
1212 905 1433 961 φυξανορίᾳ
1461 906 1586 946 Bam-

122 979 320 1036 bergerus
339 978 381 1020 in
401 977 726 1020 Zimmermauni
746 976 893 1019 Diario
913 992 949 1018 a.
973 976 1095 1032 1839.
1117 991 1159 1032 p.
1179 976 1278 1030 879.

181 1048 372 1101 αὖτογενῆ
391 1047 477 1103 τὸν]
499 1046 763 1101 αὐτογένητον
782 1045 887 1087 Ald.
910 1045 1024 1087 Rob.

181 1115 399 1171 φυξάνορα]
433 1114 714 1169 φυλαξάνοραν
749 1115 816 1155 Μ.
846 1112 994 1156 Guelf.
1025 1113 1130 1154 Ald.
1166 1111 1279 1154 Rob.
1306 1109 1516 1167 adscripto
1545 1110 1588 1152 in

126 1184 190 1224 M.
212 1200 276 1237 γρ.
297 1182 536 1236 φυξάνοραν.

186 1263 250 1305 13.
271 1250 365 1292 τάδε
383 1249 661 1304 πεσσονομῶν]
683 1250 737 1290 H
737 1263 792 1290 aec
803 1251 1025 1306 pensitans
1041 1247 1159 1304 quasi
1174 1246 1342 1288 calculis
1358 1245 1590 1288 subductis.

128 1317 262 1359 SCH.

188 1399 252 1439 14.
285 1386 429 1427 κύδιστ’
458 1386 590 1440 ἀχέων
621 1353 789 1440 (ἆχαείων
822 1387 910 1442 Μ.)
944 1385 1150 1440 ἐπέκρανε]
1180 1383 1434 1426 Sententiam
1465 1383 1592 1439 hujus

127 1453 204 1495 loci
223 1454 378 1510 optime
407 1453 599 1510 exposuit
629 1453 879 1505 scholiastes,
900 1468 1155 1510 quamquam
1186 1452 1278 1508 ejus
1306 1451 1593 1508 interpretatio

127 1538 342 1580 perperam
376 1523 428 1564 ad
464 1538 504 1565 V.
534 1534 571 1565 2.
608 1522 825 1564 referatur.
885 1523 988 1564 Duo
1017 1521 1104 1563 scil.
1136 1531 1254 1563 erant
1285 1521 1400 1575 ἄχεα,
1432 1519 1594 1578 nuptiae

128 1590 292 1633 incestae
321 1601 362 1632 et
390 1589 573 1632 exilium.
636 1590 719 1631 His
748 1590 963 1647 pensitatis
994 1590 1168 1631 Danaus
1196 1591 1295 1644 ἄχος
1324 1589 1445 1640 illud,
1476 1588 1594 1645 quod

128 1673 263 1715 neque
295 1658 492 1715 pietatem
522 1673 658 1714 neque
688 1658 842 1700 famam
876 1658 1074 1709 violabat,
1111 1658 1297 1716 praetulit
1330 1673 1378 1699 ac
1411 1656 1594 1699 decrevit

129 1726 411 1777 subeundum,
441 1725 612 1768 exilium
643 1726 821 1775 seilicet;
854 1726 970 1783 quod
1001 1726 1131 1783 igitur
1162 1726 1229 1768 hic
1262 1726 1416 1768 dicitur
1446 1724 1593 1768 κύδιστ’

130 1793 262 1849 ἀχέων
281 1809 333 1836 ecc
351 1794 661 1836 calamitatibus
679 1794 983 1837 honestissima.
1018 1795 1262 1836 HEATH.

192 1875 255 1918 15.
278 1862 358 1917 διὰ]
378 1863 421 1903 δὲ
441 1864 506 1903 διὰ
525 1862 635 1904 Rob.

190 1929 272 1982 κῦμ’
295 1930 410 1972 ἅλιον
430 1931 649 1972 Canterus.
681 1929 907 1982 κυμβάλεον
923 1930 989 1971 vel
1009 1929 1239 1983 κυμβαλέον
1255 1930 1321 1971 Μ.
1338 1929 1440 1971 Ald.
1457 1930 1593 1971 Turn.

134 1996 331 2050 κυμαλέον
350 1997 461 2040 Rob.
484 2012 536 2039 ex
557 2012 632 2039 sua
650 1997 779 2054 ipsius
798 1998 1057 2053 conjectura:
1090 2011 1184 2038 nam
1205 1997 1337 2039 codex
1362 1998 1454 2053 ejus
1475 2003 1595 2051 κυβα-

132 2064 252 2107 λέων.

196 2134 264 2174 16.
284 2131 426 2174 κέλσαι
446 2132 559 2174 Rob.
577 2148 627 2174 ex
648 2133 889 2190 conjectura
910 2132 1108 2189 Sophiani
1128 2143 1171 2174 et
1193 2133 1337 2190 Steph.
1373 2133 1513 2175 κέασαι
1529 2134 1595 2175 Μ.

135 2201 233 2242 Par.
260 2209 302 2242 et
326 2200 456 2242 codex
488 2200 733 2243 Robortelli.
777 2202 913 2243 κείασε
940 2200 1087 2243 Guelf.
1136 2202 1277 2243 καίασε
1297 2200 1403 2242 Ald.
1434 2216 1486 2242 ex
1510 2216 1598 2257 quo

136 2268 307 2311 κάλεσεν
325 2269 424 2311 fecit
444 2270 579 2311 Turn.

196 2347 262 2390 17.
292 2337 542 2390 οἰστροδόνου
564 2339 700 2379 Turn.
724 2336 867 2393 Steph.
909 2335 1164 2390 οἶστροδόμου
1190 2335 1334 2378 Guelf.
1356 2336 1460 2378 Ald.
1482 2337 1593 2379 Rob.

137 2402 393 2457 οἰστρόδομον
413 2406 509 2447 Par.

199 2472 266 2512 18.
288 2473 505 2529 ἐπιπνοίας]
527 2475 701 2517 ἐπινοίας
719 2474 784 2515 Μ.
806 2473 952 2515 Guelf.
975 2473 1077 2515 Ald.
1099 2473 1211 2515 Rob.
1261 2473 1387 2514 Conf.
1409 2489 1446 2514 v.
1466 2486 1540 2529 45.

198 2550 268 2580 20.
300 2541 372 2581 τίν’
404 2539 454 2581 ἂν
492 2542 562 2582 οὖν
593 2540 832 2597 Burgesius.
877 2542 967 2582 τίνα
1005 2542 1076 2582 οὖν
1110 2540 1220 2592 libri,
1250 2556 1303 2582 ex
1336 2556 1423 2597 quo
1457 2543 1594 2584 Turn.

142 2605 287 2662 Steph.
316 2608 404 2648 τίνα
423 2612 521 2660 γοῦν
539 2608 740 2650 fecerunt.

200 2686 266 2728 23.
285 2673 571 2726 ἐριοστέπτοισι
592 2674 788 2731 Scaliger.
822 2674 1111 2727 ῖεροστέπτοισι
1129 2674 1239 2716 libri.

201 2753 269 2792 24.
291 2741 345 2781 ὧν
364 2740 478 2784 πόλις
497 2743 552 2783 ὧν
570 2741 636 2796 γῆ]
658 2743 688 2782 ὦ
708 2740 825 2784 πόλις
844 2741 876 2782 ὦ
896 2744 947 2795 γῆ
966 2741 1097 2783 codex
1118 2741 1366 2784 Robortelli.

198 2810 249 2861 γῆ
269 2808 333 2849 καὶ
353 2808 465 2850 Rob.
488 2808 633 2864 Steph.
663 2811 749 2861 γῆς,
769 2808 920 2850 omisso
940 2809 1018 2856 καὶ,
1038 2809 1143 2851 AJd.
1167 2810 1304 2850 Turn.

198 2874 342 2916 λευκὸν
370 2876 470 2928 ὕδωρ
499 2875 725 2917 imitatione
753 2875 930 2917 Homeri
949 2875 1081 2918 dixit:
1115 2891 1155 2917 v.
1179 2876 1233 2919 ll.
1253 2881 1304 2928 Ψ,
1327 2878 1424 2921 282.
1445 2877 1527 2920 Od.
1549 2882 1598 2930 E,

144 2954 211 2995 70.
241 2942 553 2984 ABRESCH.

834 3025 911 3063 41)
