1962 3224
618 195 706 235 AD
739 192 1179 235 CHOEPHORAS.
1548 190 1632 230 453

171 319 277 360 Ant.
313 328 436 372 1315.
476 313 657 356 Παίσασ’
687 312 755 367 ὑφ’
789 313 894 366 ἧπαρ
930 314 1113 367 αὐτόχειρ
1153 310 1287 362 αὑτήν.
1342 309 1499 351 Trach.
1534 322 1634 365 933.

168 385 350 439 “Ορῶμεν
370 384 489 435 αὐτὴν
510 383 735 435 ἀμφιπλῆγι
754 380 953 436 φασγάνῳ
974 381 1164 433 Πλευρᾶν
1183 377 1249 432 ὑφ’
1271 378 1376 431 ἧπαρ
1398 377 1462 419 καὶ
1485 377 1636 431 φρένας

170 451 467 505 πεπληγμένην.
529 450 637 491 Cum
674 447 859 505 genitivo
889 448 1039 504 Eurip.
1071 445 1221 503 Suppl.
1252 459 1350 501 919.
1388 446 1452 486 Ἰὼ
1481 444 1634 492 τέκνον,

171 524 342 575 δυστυχῆ
372 519 408 560 σ’
441 520 599 572 ἔφερον,
633 518 779 571 ἔφερον
808 517 876 571 ὑφ’
901 517 1063 568 ἥπατος.
1124 514 1286 556 Eodem
1318 512 1404 554 fere
1439 527 1560 554 sensu
1594 512 1636 553 in

173 590 313 645 Agam
335 588 389 642 76
389 597 432 643 5.
453 589 581 640 δῆγμα
601 586 644 627 δὲ
664 586 792 636 λύπης
812 586 943 627 Οὐδὲν
963 583 1026 637 ἐφ’
1046 583 1151 636 ἧπαρ
1171 585 1451 635 προσικνεῖται.
1474 590 1515 622 et
1534 593 1635 634 421.

172 657 310 697 πολλὰ
338 657 434 708 γοῦν
465 653 646 707 θιγγάνει
674 652 773 706 πρὸς
801 653 918 706 ἧπαρ.
982 650 1049 693 Sic
1079 649 1331 691 Theocritus
1351 662 1419 699 ΙΙ,
1441 658 1508 704 15.
1531 647 1639 688 dixit

173 721 410 774 ὖποκάρδιον
439 721 568 772 ἕλκος,
598 731 640 763 et
671 733 740 772 20,
767 732 833 775 17.
865 720 1102 773 ὑποκάρδιον
1131 717 1270 772 ὀργάν,
1302 717 1406 759 sicut
1439 716 1639 773 Virgilius

174 790 276 830 AEn.
311 789 346 831 I.
376 791 447 845 36.
482 795 690 831 aeternum
723 803 900 831 servans
928 790 1005 831 sub
1037 794 1199 845 pectore
1232 787 1400 834 vulnus,
1437 786 1552 842 quod
1587 801 1639 827 ex

175 855 376 897 Lucretio
396 855 542 897 sumsit
564 868 604 907 2,
628 856 724 912 638.
774 856 1074 912 AEternumque
1094 855 1214 895 daret
1235 855 1362 896 matri
1382 855 1458 895 sub
1475 861 1642 911 pectore

176 923 343 964 vulnus.
406 923 467 964 Hi
496 922 659 964 dolores
688 923 885 964 dicuntur
914 923 957 964 in
988 924 1115 964 Eum.
1145 922 1244 976 465.
1277 922 1382 974 ἄλγη
1413 922 1643 975 ἀντίκεντρα

180 991 329 1045 καρδίᾳ.
362 991 595 1032 BLOMF.
625 989 692 1043 ὑφ’
714 990 759 1042 ἧς
777 990 958 1043 παρθμὸν
979 989 1125 1031 Guelf.
1147 988 1251 1030 Ald.
1274 989 1410 1030 Turn.

238 1067 334 1113 273.
356 1061 425 1099 τοῦ
443 1058 590 1111 πατρὸς
609 1058 699 1102 τοὺς
719 1059 879 1112 αἰτίους]
907 1057 1098 1099 Breviter
1118 1056 1276 1099 dictum
1297 1072 1376 1113 pro
1401 1060 1470 1098 τοῦ
1498 1057 1645 1111 πατρὸς

180 1129 249 1167 τοῦ
270 1127 396 1179 φόνου
417 1126 506 1169 τοὺς
526 1127 682 1168 αἰτίους.

242 1205 338 1247 274.
369 1194 516 1246 τρόπον
539 1192 611 1233 τὸν
632 1190 768 1247 αὐτὸν]
789 1191 832 1232 h.
854 1207 890 1233 e.
913 1190 1054 1233 dolose
1074 1201 1123 1232 ut
1142 1200 1261 1248 pater
1281 1200 1370 1232 erat
1388 1201 1645 1233 mteremtus.

185 1260 378 1317 Sophocl.
400 1260 557 1302 Electr.
578 1275 618 1301 V.
641 1272 711 1315 35.

411 1331 489 1382 χρῆ
507 1345 574 1380 μοι
593 1326 738 1369 τοιαῦθ’
760 1328 782 1368 ὁ
802 1331 966 1379 Φοῖβος,
990 1328 1044 1368 ὧν
1063 1327 1203 1368 πεύσει
1222 1326 1338 1381 τάχα·

414 1396 584 1437 ἄσκευον
605 1395 725 1436 αὐτὸν
745 1396 923 1436 ἀσπίδων
942 1411 986 1436 τε
1008 1395 1071 1436 καὶ
1091 1398 1261 1447 στρατοῦ

416 1464 570 1504 δόλοισι
591 1462 741 1516 κλέψαι
760 1462 894 1516 χειρὸς
914 1463 1087 1505 ἐνδίκους
1107 1461 1282 1515 σφαγάς.
1344 1463 1475 1504 SCH.

246 1542 341 1585 275.
364 1530 693 1585 ἀποχρημάτοισι]
716 1531 1030 1584 ἆποχρηματοῖσι
1049 1531 1114 1571 Μ.
1139 1529 1283 1571 Guelf,
1304 1529 1408 1571 Ald.
1441 1532 1651 1584 ἀποχρῆμα

188 1603 294 1640 τοῖσι
325 1600 461 1640 Turn.
489 1598 635 1655 Steph.
668 1597 929 1652 ἀχρημάτοισι
961 1597 1208 1654 Sophianus.
1238 1605 1263 1618 “
1286 1598 1508 1652 ἀχρήματος
1539 1599 1654 1651 ζημία

189 1665 291 1707 nihil
329 1665 444 1706 aliud
482 1674 543 1706 est
581 1680 707 1721 quam
749 1671 1030 1722 paternorum
1070 1666 1271 1706 bonorum
1311 1668 1482 1722 ereptio,
1523 1681 1651 1722 quam

192 1735 359 1775 Orestes
387 1749 413 1774 a
443 1743 572 1774 matre
603 1743 644 1774 et
675 1733 874 1790 AEgistho
904 1747 1051 1790 passus
1085 1741 1196 1780 erat3
1242 1748 1291 1773 ea
1319 1731 1449 1789 igitur
1478 1749 1520 1774 se
1554 1733 1655 1775 dicit

190 1811 343 1858 praeter
372 1801 503 1842 minas
533 1801 680 1842 ultioni
709 1800 838 1857 patris
867 1800 1066 1856 neglectae
1095 1800 1339 1856 propositam,
1370 1801 1424 1842 ab
1456 1802 1655 1858 Apolline

192 1869 245 1910 ad
267 1884 410 1925 poenas
429 1869 482 1910 de
503 1880 632 1910 matre
652 1869 826 1925 ejusque
847 1868 1009 1908 moecho
1029 1867 1249 1909 sumendas
1269 1868 1491 1910 irritatum.
1535 1869 1654 1911 Idem

193 1940 282 1980 fere
301 1937 390 1978 aliis
411 1936 545 1978 verbis
564 1936 812 1992 exprimitur
831 1951 869 1976 v.
891 1948 992 1991 301.

426 2005 489 2046 καὶ
508 2003 735 2058 προσπιέζει
755 2003 965 2058 χρημάτων
986 2004 1143 2057 ἀχηνία.

198 2074 331 2115 SCH.
363 2071 502 2113 Aliter
524 2070 771 2126 Stephanus.
827 2074 854 2094 ‘⁶
876 2071 988 2110 Puto
1007 2068 1084 2110 loci
1105 2069 1233 2125 hujus
1253 2085 1417 2111 sensum
1438 2070 1551 2112 hunc
1570 2087 1657 2114 esse

196 2152 244 2183 ut
274 2141 384 2182 dicat
413 2155 496 2181 non
530 2154 649 2196 posse
683 2139 802 2180 aliter
830 2137 937 2178 hanc
973 2146 1145 2178 mortem
1183 2153 1310 2193 quam
1344 2148 1477 2180 morte
1510 2150 1658 2182 mutua

196 2209 312 2265 piari,
335 2208 575 2264 nullamque
595 2206 872 2264 pecuniariam
904 2205 1076 2247 multam
1108 2205 1174 2246 hic
1203 2205 1341 2246 locum
1373 2206 1538 2248 habere.
1597 2208 1659 2249 Et

197 2292 250 2318 ex
283 2276 364 2317 alio
394 2276 517 2318 etiam
553 2275 643 2317 loco
678 2275 844 2317 videtur
880 2273 1112 2316 confirmari
1148 2273 1270 2330 plane
1303 2274 1394 2315 haec
1428 2275 1657 2316 sententia:

198 2360 324 2401 quam
347 2344 380 2386 si
400 2359 634 2400 sequamur,
658 2342 918 2396 ἀχρημάτοισι
937 2341 1073 2398 legere
1094 2341 1332 2382 debemus.”
1392 2341 1522 2384 Male.

258 2411 540 2465 ταυρούμενον]
564 2411 825 2463 ταυρούμενος
846 2410 983 2450 Turn.

262 2488 357 2533 279.
387 2481 455 2521 τὰς
478 2479 540 2533 δὲ]
562 2478 684 2519 τάσδε
705 2478 843 2518 Turn.
904 2477 1067 2518 Locum
1090 2485 1197 2516 recte
1216 2474 1398 2531 explicat
1419 2475 1660 2524 scholiasta3

202 2545 294 2588 τοὺς
326 2546 401 2597 μὲν
430 2547 505 2598 γὰρ
534 2545 698 2587 πολίτας
720 2543 907 2596 λιμώξειν
937 2545 980 2584 ἐκ
1010 2546 1081 2596 γῆς
1111 2543 1279 2595 ἔφασκε,
1310 2542 1408 2595 πρὸς
1438 2545 1664 2596 ἀφοσίωσιν

204 2612 514 2666 Ἀγαμέμνονος,
537 2613 587 2654 ὣς
605 2612 658 2663 μὴ
679 2610 970 2662 ἑκδικήσαντας·
1000 2611 1099 2661 ἡμᾶς
1123 2611 1166 2650 δὲ
1196 2613 1424 2661 σωματικῶς
1453 2613 1663 2663 φθαρῆναι.

207 2679 440 2721 BLOMF.
482 2680 532 2719 τὰ
561 2679 635 2729 μὲν
668 2679 745 2730 γὰρ
781 2678 824 2718 ἐκ
862 2680 934 2730 γῆς
968 2678 1202 2729 δυσφρόνων
1231 2678 1471 2729 μειλίγματα
1504 2681 1666 2729 βροτοῖς

206 2748 443 2800 πιφαύσκων
465 2745 562 2791 εἶπε,
584 2744 662 2785 hoc
683 2743 911 2799 significat:
955 2744 1016 2783 Ac
1041 2744 1231 2799 primu-m
1250 2745 1415 2798 quidem
1435 2743 1667 2785 intermissa

207 2814 331 2856 caedis
352 2811 695 2870 Agamemnoniae
715 2811 887 2862 ultione,
909 2810 967 2851 ad
987 2810 1202 2866 placanda
1229 2811 1342 2850 irata
1372 2811 1551 2851 numina
1576 2819 1665 2869 poe-

208 2897 289 2924 nas
318 2896 371 2923 ea:
401 2888 529 2931 terra,
559 2879 601 2920 h.
623 2895 659 2921 e.
695 2888 804 2920 terra
838 2877 1048 2918 sterilitate
1082 2876 1284 2933 imposita,
1315 2877 1476 2918 civibus
1506 2877 1668 2919 denun-

210 2950 347 2992 tiavit.
407 2949 569 2990 Notum
603 2956 665 2989 est
694 2945 922 3003 neglectam
955 2945 1080 3002 regiae
1114 2943 1238 2986 caedis
1268 2944 1545 3001 expiationem
1579 2945 1669 2989 haec
