1962 3224
614 149 704 189 AD
734 147 1131 188 EUMENIDES.
1525 146 1607 187 531

207 269 274 313 77.
295 259 458 314 πόντον]
477 260 622 300 πόντου
643 259 710 300 Μ.
734 257 878 300 Guelf.
899 257 999 299 Ald.
1023 258 1133 299 Rob.

203 326 445 382 περιρρύτας]
486 325 684 368 Notanda
721 325 956 367 terminatio
993 324 1205 376 feminina,
1245 324 1324 366 nisi
1362 324 1612 378 περιρρύτους

148 393 320 450 scripsit.

207 462 274 515 78.
315 461 633 513 βουκολούμενος
667 475 788 502 sensu
823 461 987 518 passivo
1022 460 1194 509 dictum,
1229 468 1276 502 ut
1309 459 1469 516 primus
1503 468 1615 501 recte

147 528 292 570 statuit
325 527 640 576 Wakefieldus;
686 530 811 570 πόνον
849 528 901 570 de
940 544 1066 570 cursu
1106 527 1325 578 concitato,
1362 537 1408 568 ut
1449 526 1612 583 saepius.

150 597 198 637 V.
215 596 263 637 L.
285 595 479 637 Dindorf.
500 595 554 637 ad
576 596 777 653 Xenoph.
799 596 852 637 de
871 606 959 638 arte
979 595 1160 652 equestri
1189 611 1231 651 p.
1249 595 1430 636 XXIV.
1463 595 1615 635 WIE-

151 663 368 705 SELER.

207 741 274 786 79.
296 731 512 775 Παλλάδος
531 732 572 773 in
593 733 675 774 fine
690 748 834 774 versus
852 731 1097 774 collocatum
1119 732 1160 773 in
1182 731 1323 773 codice
1344 729 1591 772 Robortelli.

209 800 277 840 80.
299 800 394 855 ἵζου]
418 800 503 848 ἕζου
525 801 662 841 Turn.

211 867 276 908 81.
309 870 495 911 δικαστὰς
514 868 652 923 τῶνδε]
675 867 862 924 Respicit
881 866 1175 924 Areopagitas,
1201 881 1308 922 quos
1329 865 1527 907 Minerva
1550 866 1618 922 ju-

151 934 263 976 dices
283 935 434 976 datura
451 945 553 976 erat.
583 935 635 977 cf.
660 950 697 976 v.
717 936 816 988 480.
842 950 879 976 v.
899 936 1001 991 563.
1022 950 1113 991 sqq.
1147 935 1279 976 SCH.

212 1004 460 1055 θελκτηρίους
487 1002 652 1058 μύθους]
680 1003 826 1044 Innuit
856 1002 1082 1045 orationem
1113 1001 1337 1058 Apollinis,
1366 1016 1445 1058 pro
1475 1001 1623 1042 Oreste

153 1069 385 1111 habendam
410 1085 446 1109 v.
468 1071 566 1122 614.
590 1085 679 1126 sqq.
714 1071 848 1112 SCH.

213 1138 280 1192 85.
303 1153 392 1193 sqq.
413 1139 512 1189 ἄναξ
533 1136 746 1179 ’Ἄπολλον
758 1139 836 1193 -]
862 1139 1028 1179 Horum
1050 1136 1275 1178 verborum
1306 1151 1471 1178 sensum
1502 1149 1621 1191 pror-

153 1220 224 1246 sus
252 1204 451 1262 pervertit
480 1205 766 1262 interpretatio
798 1205 1062 1247 Stanleiana:
1108 1206 1206 1245 Rem
1226 1205 1384 1261 Apollo,
1417 1205 1529 1246 nosti
1560 1217 1624 1244 ‘me

153 1276 359 1331 injuriam
376 1290 459 1316 non
462 1275 640 1330 fiee-isse,
657 1281 694 1317 et
714 1276 911 1331 quoniam
931 1274 1042 1315 nosti
1061 1287 1113 1314 ne
1133 1286 1196 1313 me
1215 1272 1414 1329 negligas
1429 1289 1444 1318 ,-
1477 1271 1627 1314 Robur

156 1349 276 1385 tecum
295 1343 352 1383 ad
362 1343 620 1398 fitciemlum
645 1350 714 1385 sat
735 1343 930 1384 idoneum
950 1348 1023 1383 est.
1085 1342 1180 1382 Imo
1201 1355 1299 1380 vero
1319 1340 1375 1381 sic
1395 1348 1513 1380 erant
1534 1339 1626 1380 red·

157 1410 317 1453 denda:
353 1413 389 1452 Ο
407 1425 485 1452 rect·
505 1411 666 1468 Apollo,
689 1412 787 1452 bene
805 1410 970 1467 quidem
991 1415 1103 1451 tenes
1125 1409 1394 1465 propositum
1416 1408 1626 1464 injuriam

159 1479 263 1521 mihi
289 1479 404 1520 haud
413 1478 629 1534 faciendi,
653 1477 787 1533 (quod
806 1477 968 1518 fecisset
989 1475 1161 1533 Apollo,
1183 1475 1216 1517 si
1238 1477 1427 1517 Orestem
1457 1475 1512 1516 ad
1544 1489 1628 1516 mae

160 1546 233 1588 tris
259 1546 414 1588 caedem
444 1561 468 1586 a
498 1561 540 1587 se
569 1545 785 1587 incitatum
818 1545 932 1586 haud
962 1544 1261 1598 defendisset);
1293 1543 1627 1600 quandoquidem

161 1629 260 1656 vero
288 1615 361 1656 hoc
391 1616 438 1655 in
472 1616 662 1655 animum
692 1614 918 1663 induxisti,
949 1627 1055 1654 cura
1089 1627 1262 1669 quoque,
1289 1625 1341 1652 ne
1375 1626 1438 1652 me
1470 1611 1630 1652 incuria

160 1682 341 1738 quadam
362 1683 573 1739 negligas.
633 1683 827 1723 Potentia
847 1695 945 1722 vero
964 1687 1053 1731 tua,
1076 1687 1114 1722 te
1143 1694 1232 1721 rem
1261 1681 1362 1721 bene
1385 1685 1628 1736 gesturum,

158 1750 266 1790 satis
284 1749 388 1789 mihi
408 1749 593 1805 spondet.
624 1750 789 1805 Nempe
805 1765 843 1790 v.
859 1750 926 1802 87.
947 1748 1051 1790 ordo
1070 1747 1137 1789 hic
1157 1757 1219 1788 est
1239 1747 1460 1788 verborum
1485 1745 1631 1788 σθένος

163 1818 206 1857 δὲ
225 1816 270 1857 τὸ
292 1816 366 1858 σὸν
387 1816 611 1869 φερέγγυόν
630 1817 717 1856 ἐστι
738 1816 781 1857 εὖ
800 1819 941 1857 ποιεῖν.
976 1816 1110 1856 SCH.

224 1883 290 1938 85.
325 1883 378 1935 μὴ
409 1882 560 1938 ’δικεῖν]
594 1883 769 1934 μήδικεῖν
802 1882 906 1924 Ald.
939 1884 1076 1924 Turn.
1126 1881 1179 1935 μὴ
1214 1885 1344 1924 δοκεῖν
1375 1880 1509 1923 codex
1542 1882 1630 1923 Ro-

166 1950 340 1992 bortelli.
403 1950 674 1991 Scribendum
694 1951 884 2001 μᾶὃικεῖν.

226 2019 294 2059 86.
319 2019 461 2073 ἐπίστᾳ
480 2019 702 2059 Porsonus.
736 2019 879 2058 ἐπίστα
898 2017 1040 2074 vulgo.

224 2086 276 2138 μὴ
294 2085 460 2141 ’μελεῖν]
480 2085 533 2137 μὴ
551 2089 692 2137 ’μελεῖν
712 2083 814 2125 Ald.
836 2084 947 2126 Rob.
971 2084 1165 2137 μήμελεῖν
1186 2085 1323 2125 Turn.
1358 2082 1633 2124 scribendum

169 2155 376 2206 μᾶμελεῖν.

228 2222 297 2277 89.
336 2221 586 2275 αὐτάδελφον
620 2222 716 2273 αἷμα
748 2218 1039 2261 Wakefieldus
1078 2219 1376 2276 interpretatur
1405 2233 1457 2259 ex
1491 2219 1636 2259 eadem

173 2295 305 2331 matre
329 2305 410 2331 non
442 2289 579 2330 minus
606 2304 732 2345 quam
764 2297 908 2344 patre;
942 2285 1122 2343 indeque
1153 2286 1361 2327 existimat
1382 2285 1637 2342 AEschylum

173 2355 310 2407 aliam,
330 2372 454 2412 quam
480 2371 576 2412 quae
600 2355 728 2412 vulgo
748 2353 939 2411 Apollini
969 2362 1011 2395 et
1033 2353 1247 2395 Mercurio
1277 2352 1491 2403 tribuitur,
1513 2352 1639 2409 origi-

175 2438 268 2464 nem
299 2434 525 2464 maternam
554 2422 803 2478 adsignasse.
864 2419 999 2462 Nobis
1019 2430 1156 2461 tamen
1179 2419 1429 2461 vocabulum
1451 2420 1640 2461 αὐτάδελ-

176 2497 256 2544 φον
275 2490 485 2531 molestius
504 2489 617 2531 haud
638 2488 912 2546 premendum
936 2488 1111 2529 videtur.
1171 2487 1281 2529 Tota
1303 2489 1417 2540 ῥῆσις
1447 2487 1526 2529 hoc
1557 2487 1639 2543 sig-

176 2557 338 2598 nificat:
371 2558 429 2598 mi
432 2558 586 2612 frater
605 2557 819 2612 eodemque
830 2561 958 2611 patre
972 2560 1202 2611 progvtate.
1239 2556 1372 2596 SCH.

235 2636 304 2677 92.
327 2626 370 2665 ἐκ
391 2624 538 2677 νόμων]
563 2624 738 2674 ἐκνόμων
759 2623 825 2662 Μ.
849 2621 992 2663 Guelf.
1055 2621 1329 2662 Scribendum
1353 2622 1527 2672 ἐκνόμως
1545 2635 1642 2662 cum

180 2692 426 2731 Hermanno
445 2700 486 2732 et
506 2690 634 2742 σέβας
652 2687 967 2744 intelligendum
987 2687 1040 2728 de
1061 2702 1231 2728 munere
1253 2687 1472 2728 Mercurii.

236 2770 307 2812 94.
331 2757 466 2798 εὕδοιτ’
489 2758 558 2814 ἄν]
583 2758 690 2797 Haec
709 2770 803 2797 cum
824 2755 1118 2810 indignationis
1139 2770 1259 2796 sensu
1280 2754 1526 2811 pronuntiat
1544 2753 1646 2811 Cly-

182 2835 430 2867 taemnestra.
490 2826 585 2866 Non
607 2835 668 2865 est
687 2824 843 2880 igitur:
875 2823 1150 2864 dormitisne?
1196 2831 1242 2863 ut
1265 2821 1394 2863 Stanl.
1418 2820 1552 2873 vertit,
1575 2822 1646 2864 sed

181 2892 346 2948 potius:
380 2892 492 2943 Quid
520 2907 593 2933 vos
627 2891 796 2946 (malum
814 2892 843 2943 !)
877 2889 946 2931 hic
975 2889 1196 2931 dormitis?
1243 2888 1472 2931 Dormiatis
1500 2888 1646 2946 igitur,

877 2969 902 3011 3
926 2970 958 2997 x
980 2968 1004 3000 2
