1962 3224
649 121 740 162 AD
772 116 1129 161 SUPPLICES.
1538 109 1624 152 623

219 248 319 294 730.
339 234 436 292 βοῇ]
459 231 698 282 Scholiasta,
718 231 798 283 βοῇ
821 233 892 272 νῦν
911 231 957 281 τῇ
976 227 1158 282 βοηθείᾳ.

218 316 313 361 732.
335 301 495 356 θάρσει]
520 302 703 353 θαρσεῖτε
724 298 790 339 Μ.
814 295 960 339 Guelf.
982 293 1086 336 Ald.
1108 292 1222 334 Rob.

220 370 745 427 734—738=741—745·

217 439 744 494 748-752=755-759·

217 518 316 562 732.
337 506 612 547 Personarum
634 511 753 543 notas
774 513 907 555 usque
927 497 980 540 ad
1000 497 1126 539 finem
1146 493 1301 537 fabulae
1320 508 1402 536 om.
1424 491 1526 534 Ald.

216 575 314 631 738.
348 570 607 628 παροίχομαι]
638 571 877 624 παρείχομαι
908 564 1051 608 Guelf.
1083 563 1187 606 Ald.
1216 563 1450 617 παροίχεται
1485 563 1623 603 Turn.

160 643 303 700 Steph.
325 651 483 699 puncto
502 650 598 698 post
618 639 825 691 ἐτητύμως,
846 644 1050 678 commate
1070 642 1164 691 post
1185 634 1222 675 εἴ
1239 634 1280 675 τί
1296 649 1363 685 μοι
1382 631 1530 688 posito.

217 723 314 764 740.
337 709 431 765 ἐγὼ]
454 710 557 762 ἐγὼν
578 708 643 748 Μ.
666 704 808 748 Guelf.
830 703 934 745 Ald.
955 701 1068 744 Rob.
1099 702 1152 742 V.
1172 700 1226 742 ad
1248 702 1366 742 Pers.
1389 713 1489 756 931.

219 788 315 833 744.
348 776 543 832 ἐπιτυχεῖ]
566 775 630 818 ἐπὶ
649 774 759 828 τύχει
779 771 882 814 Ald.
914 770 979 813 ἐπὶ
997 771 1095 825 τύχη
1117 768 1261 811 Guelf.
1293 769 1357 810 ἐπὶ
1377 768 1491 822 τάχει
1511 767 1624 809 Rob.

161 847 246 889 ἐπεὶ
266 846 379 901 τάχει
400 846 467 887 Μ.

218 926 315 969 745.
334 913 466 969 πόλει]
489 911 635 953 Lectio
655 909 814 952 vitiosa.
835 911 957 950 πολεῖ
977 907 1018 960 (i.
1035 922 1070 949 e.
1091 908 1248 961 πολλῷ)
1275 903 1494 955 Stanleius,
1516 914 1626 946 recte

159 983 347 1034 fortasse,
366 981 460 1023 licet
480 979 607 1022 dativi
628 978 756 1033 hujus
782 990 884 1017 usus
912 990 995 1016 non
1026 974 1122 1015 satis
1152 972 1400 1015 defendatur
1431 988 1480 1014 eo
1509 972 1626 1028 quod

160 1049 389 1107 AEschylus
407 1049 538 1091 πολέα
558 1047 664 1089 dixit
684 1048 840 1102 Agam.
863 1054 958 1099 723.
979 1041 1138 1084 πολέων
1158 1040 1309 1097 Eurip.
1333 1041 1433 1082 Hel.
1454 1052 1576 1096 1352.

215 1118 464 1174 μελαγχίμῳ]
494 1116 749 1170 μελαγχείμῳ
779 1112 940 1155 codices
959 1120 1001 1153 et
1023 1110 1132 1152 Rob.
1154 1109 1229 1166 qui
1249 1109 1482 1166 typothetae
1501 1108 1627 1167 culpa

160 1188 406 1243 μελαχείμῳ.

217 1253 306 1308 ξὺν]
330 1254 406 1295 σὺν
425 1252 531 1294 libri.

218 1322 316 1375 746.
362 1319 604 1375 μεσημβρία]
648 1316 897 1371 μεσημβρίας
938 1313 1196 1356 Schuetzius.
1259 1312 1525 1355 Probabilius
1563 1324 1626 1356 est

162 1391 432 1444 μεσημβρινῷ,
453 1386 567 1444 quod
587 1386 630 1427 in
650 1385 830 1427 editione
849 1382 982 1440 prima
1002 1381 1143 1439 posuit
1165 1380 1357 1422 Bothius.

218 1466 314 1511 747.
336 1455 493 1510 θάλπει]
516 1453 678 1507 θᾶρπτει
697 1451 801 1494 Ald.
833 1450 1005 1493 θάλπτοι
1024 1450 1134 1491 Rob.

212 1521 415 1578 βραχίον’]
436 1525 632 1576 βραχεῖον
651 1519 813 1562 codices
833 1529 874 1561 et
898 1518 998 1560 Ald.
1021 1518 1132 1559 Rob.

216 1592 259 1633 εὖ
290 1588 650 1644 κατερρινημένους]
683 1587 727 1629 Si
749 1587 920 1628 verbum
951 1602 977 1627 a
1005 1586 1092 1640 ῥινὴ
1110 1586 1213 1627 lima
1231 1585 1405 1627 ductum
1427 1593 1502 1633 est,
1523 1588 1624 1638 βρα-

156 1661 275 1714 χίονα
299 1660 342 1700 εὖ
367 1655 682 1711 κατερρινημένοι
712 1664 809 1697 sunt
840 1654 1040 1704 homines,
1064 1653 1139 1710 qui
1167 1653 1327 1695 artibus
1356 1651 1625 1709 gymnasticis

157 1726 271 1769 lucta
303 1725 564 1783 potissimum
600 1734 641 1766 et
676 1723 867 1780 pugilatu
897 1722 1067 1764 brachia
1101 1722 1375 1763 reddiderunt
1413 1721 1551 1778 agilia,
1590 1737 1621 1762 s.

156 1809 335 1851 quorum
372 1793 544 1834 lacertos
583 1792 828 1832 eoeercitatio
866 1792 1087 1847 eoepressz't,
1122 1806 1152 1830 s.
1186 1791 1451 1841 constrinxit,
1485 1799 1532 1831 ut
1566 1789 1624 1832 ait

159 1860 333 1912 Quintil.
354 1861 459 1901 Inst.
476 1860 551 1900 Or.
569 1858 609 1909 8,
630 1872 671 1914 3.
693 1871 759 1909 12,
782 1873 846 1900 10.
867 1858 973 1900 sicut
991 1857 1266 1900 instrumenta
1283 1858 1390 1900 bene
1409 1857 1551 1900 limata
1575 1874 1625 1900 eo

157 1929 248 1987 ipso
267 1929 375 1970 fiunt
393 1927 592 1969 habiliora
612 1936 654 1968 et
673 1927 725 1968 ad
748 1942 868 1968 usum
889 1927 1063 1984 aptiora.
1091 1927 1224 1968 SCH.

217 1998 312 2052 748.
332 1995 541 2051 πρόλειπε]
563 1997 733 2048 πρόλιπε
753 1997 822 2037 Μ.

217 2075 315 2120 750.
337 2065 579 2117 δολόφρονες
600 2063 818 2105 Stanleius.
852 2065 1119 2117 δουλόφρονες
1138 2063 1245 2105 libri.

215 2132 479 2184 δολιομήτιδες
499 2146 642 2187 margo
662 2131 858 2173 Askewii.
897 2131 1150 2183 δολομήτιδες
1168 2131 1276 2173 libri.

217 2211 314 2255 751.
335 2211 431 2255 752.
453 2209 492 2240 et
513 2199 797 2256 antistrophici
820 2200 917 2255 758.
941 2211 1037 2255 759.
1059 2200 1355 2256 conjungendi.

215 2278 314 2322 751.
336 2267 482 2321 φρεσὶν
502 2267 611 2308 Rob.
645 2268 819 2320 φρεσσὶν
838 2267 998 2310 codices
1018 2276 1059 2309 et
1079 2267 1182 2309 Ald.
1205 2269 1343 2310 Turn.
1367 2269 1514 2326 Steph.

215 2347 313 2390 753.
335 2334 477 2390 καλῶς]
500 2339 654 2389 καγλῶς
674 2335 776 2377 Ald.

214 2401 252 2455 γ’
286 2403 447 2445 addidit
482 2405 693 2445 Porsonus
726 2414 896 2461 propter
931 2404 1174 2461 scripturam
1210 2404 1412 2447 Aldinam
1450 2410 1620 2460 καγλῶς,

158 2484 283 2525 quem
319 2470 547 2527 typothetae
579 2487 756 2512 errorem
788 2488 874 2514 esse
902 2487 955 2513 ex
987 2489 1037 2514 eo
1067 2472 1204 2529 colligi
1241 2482 1391 2529 potest,
1426 2473 1541 2530 quod
1578 2473 1621 2515 in

160 2535 304 2578 Guelf.
337 2540 464 2579 καλῶς
484 2537 682 2593 scriptum
705 2548 778 2579 est.

213 2603 324 2657 ἡμῖν]
347 2604 439 2655 ὑμῖν
460 2602 562 2644 Ald.
585 2605 722 2646 Turn.

218 2680 314 2725 759.
337 2671 451 2712 οὐδὲν
472 2669 692 2726 ἐπαΐοντες]
718 2672 828 2713 Haec
848 2672 975 2714 verba
994 2682 1253 2714 accesserunt
1273 2689 1327 2715 ex
1350 2675 1417 2716 Μ.
1443 2676 1543 2717 Par.

218 2743 315 2796 760.
338 2743 559 2798 κρείσσους]
581 2740 775 2796 κρείσσῖιῖῗν
800 2744 864 2785 Μ.
897 2746 1130 2797 κρείσσονας
1151 2745 1254 2787 Ald.
1276 2746 1389 2788 Rob.

218 2812 313 2865 761.
343 2811 729 2868 βύβλου-στάχυν]
751 2812 979 2870 AEgyptios
1004 2829 1165 2870 papyro
1185 2813 1266 2855 cibi
1287 2813 1379 2855 loco
1398 2815 1507 2858 vesci
1527 2816 1621 2859 soli-

160 2888 223 2920 tos
242 2888 417 2921 testatur
437 2878 701 2922 Dioscorides
718 2880 790 2922 lib.
812 2894 850 2923 1.
870 2895 963 2938 cap.
983 2883 1075 2923 116.
1102 2881 1155 2923 de
1174 2897 1360 2940 papyro:
1392 2882 1512 2939 Ἔχει
1537 2887 1581 2928 δὲ
1600 2887 1625 2938 ἡ
