1962 3224
384 198 469 238 380
855 199 1349 241 ANNOTATIONES

385 304 653 361 adspicerent,
668 320 805 347 amore
835 306 911 357 sui,
930 306 1047 363 quasi
1077 306 1158 348 telo
1185 307 1379 363 quodam,
1402 307 1653 349 vulnerabat.
1699 309 1820 360 ὀμμά-

384 388 461 413 των
486 371 614 427 igitur
642 387 722 413 non
749 373 802 413 de
833 373 1021 424 Helenoe,
1041 373 1109 414 sed
1132 373 1183 415 de
1203 373 1382 414 virorum
1404 383 1445 414 et
1467 374 1670 429 juvenum
1697 374 1823 415 oculis

383 438 680 494 accipiendum,
702 438 774 493 qui
794 439 926 480 forma
945 440 1034 495 ejus
1055 449 1234 495 spectata
1253 455 1389 481 amore
1411 441 1647 482 urebantur.
1680 441 1821 490 Quid?

385 505 497 560 quod
527 504 650 560 gelidi
670 521 837 560 quoque
864 520 978 546 senes
998 506 1086 561 ejus
1115 506 1309 562 adspectu
1341 506 1547 561 tepebant,
1568 516 1608 548 et
1632 507 1682 547 ad
1715 521 1822 548 sum-

384 584 493 610 mam
534 570 621 626 ejus
659 570 966 612 admirationem
1001 571 1356 623 convertebantur,
1397 583 1442 613 ut
1479 572 1519 613 in
1567 573 1823 614 nobilissimis

384 637 559 678 Homeri
581 637 764 677 versibus
786 637 903 678 Iliad.
926 641 970 677 Γ.
996 640 1088 691 156.
1143 638 1270 678 Simili
1287 648 1422 680 autem
1445 639 1682 695 metaphora.
1700 655 1824 695 supra

382 716 420 743 v.
444 716 536 758 239.
559 703 610 743 de
631 702 870 758 Iphigenia:
904 703 1020 754 ἔβαλ’
1042 704 1208 745 ἕκαστον
1228 705 1399 757 θυτήρων
1428 704 1491 746 ἀπ’
1513 707 1681 757 ὄμματος
1708 706 1823 757 βέλει

384 771 586 824 φιλοίκτῳ.
620 770 750 810 SCH.

443 855 537 900 745.
570 847 777 887 Punctum
808 857 900 903 post
920 851 1215 900 παρακλίνουσα
1239 848 1362 904 vulgo
1384 852 1562 905 positum
1589 858 1682 905 post
1708 850 1824 893 ἄνθος

383 912 591 954 transtulit
614 913 828 955 Stanleius.

439 986 735 1040 παρακλίνουσ’]
761 988 988 1043 Βςβεοίεης
1014 987 1065 1027 ab
1085 988 1221 1029 indole
1248 988 1405 1042 priore,
1427 988 1473 1026 in
1497 988 1621 1042 pejus
1649 993 1819 1028 mutata.

382 1058 536 1102 παρακλ
542 1052 642 1093 ίνασ’
666 1054 700 1093 F
705 1053 740 1140 l.b

743 1122 757 1141 5

438 1151 591 1204 πικρὰς]
624 1155 759 1203 πικροῦ
784 1151 849 1191 Fl.
892 1151 1037 1207 Eurip.
1073 1151 1188 1192 Med.
1218 1151 1337 1205 1388.
1369 1153 1505 1203 πικρὰς
1533 1153 1715 1193 τελευτὰς
1746 1155 1822 1192 τῶν

381 1217 484 1267 ἐμῶν
506 1218 597 1258 ἰδὼν
616 1217 764 1270 γάμων.
797 1218 1025 1259 BLOMF.

439 1295 533 1344 746.
566 1294 763 1349 δύσεδρος]
785 1295 907 1335 Maza
928 1296 1080 1335 vicina.
1110 1294 1177 1334 cui
1199 1293 1444 1335 contrarium
1473 1302 1532 1334 est
1557 1295 1709 1346 εὕεδρος
1721 1310 1821 1350 pro-

376 1361 511 1415 pitius
534 1360 670 1401 Theb.
693 1373 762 1414 94.
784 1375 878 1401 nam
900 1360 954 1401 sic
974 1360 1073 1402 verti
1096 1360 1229 1402 debet.
1262 1361 1489 1401 BLOMF.

440 1446 536 1489 747.
567 1438 862 1490 Πριαμίδαισιν]
898 1438 1106 1478 Producta
1137 1436 1292 1492 syllaba
1321 1436 1452 1492 prima
1488 1445 1533 1478 ut
1567 1437 1606 1477 in
1640 1437 1820 1479 versibus

381 1501 605 1557 dactylicis.

438 1578 530 1622 749.
583 1572 879 1621 νυμφόκλαυτος
920 1570 1087 1624 Ἐρινύς]
1133 1571 1306 1611 Flebilis
1353 1584 1519 1624 sponsa,
1564 1584 1634 1610 seu
1685 1570 1820 1625 potius

378 1635 556 1691 Erinys.
618 1637 778 1692 Nempe
796 1637 903 1691 Ἰλίῳ
924 1639 1078 1690 αἰπεινᾷ
1103 1636 1227 1689 Πάρις
1256 1636 1301 1677 οὐ
1325 1636 1464 1688 γάμον,
1485 1636 1591 1677 ἀλλά
1609 1635 1678 1677 τιν’
1693 1635 1820 1678 ”Αταν

372 1700 558 1755 Ἤγαγεν
588 1702 747 1743 εὐναίαν
782 1705 836 1746 εἷς
868 1703 1065 1755 θαλάμους
1090 1702 1274 1753 Ἑλέναν,
1306 1717 1400 1758 quae
1428 1711 1488 1743 est
1515 1702 1819 1744 Andromachae

377 1767 543 1822 querela
567 1768 680 1823 apud
712 1769 857 1824 Eurip.
880 1768 1015 1810 Andr.
1041 1782 1133 1824 103.
1187 1768 1390 1810 Stanleius
1419 1768 1561 1809 laudat
1582 1768 1695 1824 Virg.
1719 1770 1817 1811 AEn.

378 1846 417 1884 2,
441 1845 540 1889 573.
568 1835 711 1889 Trqjoe
743 1841 781 1875 et
811 1836 965 1890 patriae
996 1837 1222 1876 communis
1253 1836 1432 1890 Erinys.
1492 1834 1652 1875 Poteris
1683 1844 1818 1876 tamen

375 1911 531 1942 vertere
569 1901 864 1954 νυμφοκλαυτὸς
901 1902 1063 1957 sponsis
1101 1902 1301 1957 deflenda,
1341 1910 1386 1942 ut
1424 1901 1536 1957 apud
1579 1902 1817 1955 Horatium,

369 1968 524 2023 proelia
543 1968 791 2023 cmyjugibics
811 1968 1025 2024 loquenda.
1059 1968 1288 2008 BLOMF.

432 2033 588 2087 Ἐρινύς
609 2034 676 2075 Fl.
706 2033 885 2087 Ἐριννύς
903 2034 1042 2090 vulgo.

434 2110 529 2154 750.
550 2105 709 2153 βροτοῖς
729 2100 794 2142 Fl.
827 2104 907 2144 τοῖς
924 2105 1082 2153 βροτοῖς
1102 2100 1241 2156 vulgo.
1275 2101 1324 2141 V.
1345 2100 1397 2140 ad
1418 2115 1457 2141 v.
1477 2110 1571 2154 737.

432 2169 682 2221 παλαίφατος
710 2167 836 2220 γέρων
865 2168 1001 2223 λόγος]
1039 2170 1158 2209 Vetus·
1183 2169 1465 2224 proverbium.
1509 2167 1694 2223 Choeph.
1719 2183 1767 2224 3¹
1784 2184 1815 2209 1.

376 2234 562 2287 δράσαντι
581 2237 722 2276 παθεῖν
740 2234 940 2287 Τριγέρων
958 2237 1077 2286 μῦθος
1096 2235 1188 2276 τάδε
1208 2239 1346 2287 φωνεῖ.
1388 2234 1581 2290 ΞορὴοοΙ.
1602 2235 1755 2276 Trach.
1782 2250 1816 2276 1.

376 2303 506 2354 Λόγος
516 2300 590 2353 μέν
606 2300 685 2341 ἐστ’
702 2302 865 2354 ἀρχαῖος
880 2302 1094 2353 ἀνθρώπων
1106 2303 1312 2354 φανείς-.
1335 2300 1482 2357 Epigr.
1496 2301 1668 2344 Anthol.
1684 2303 1816 2344 Palat.

378 2379 417 2410 2.
447 2369 543 2422 629.
573 2370 664 2408 Πᾶν
691 2366 734 2407 τὸ
762 2366 941 2419 περιττὸν
967 2367 1142 2419 ἄκαιρον,’
1176 2367 1259 2407 ἐπεὶ
1288 2368 1408 2422 λόγος
1435 2367 1519 2407 ἐστὶ
1545 2367 1722 2420 παλαιὸς,
1744 2367 1818 2411 εΩς

375 2437 443 2475 τοῦ
468 2435 542 2485 μὲν
561 2433 719 2484 μέλιτος
748 2433 792 2474 τὸ
821 2433 948 2474 πλέον
978 2434 1062 2474 ἐστὶ
1088 2432 1202 2487 χολή.
1245 2433 1448 2475 Herodot.
1471 2443 1510 2487 7,
1531 2447 1599 2487 51.
1629 2435 1667 2476 ἐς
1696 2434 1818 2486 θυμὸν

375 2499 431 2542 ὧν
449 2503 579 2552 βαλεῦ
599 2501 660 2541 καὶ
680 2501 723 2541 τὸ
743 2501 915 2542 παλαιὸν
936 2500 1042 2549 ἔπος,
1063 2501 1112 2542 ὡς
1139 2501 1181 2540 εὖ
1203 2501 1360 2552 εἴρηται,
1381 2499 1424 2539 τὸ
1445 2500 1498 2551 μὴ
1519 2499 1597 2551 ἅμα
1618 2501 1719 2555 ἀρχῇ
1739 2504 1817 2547 πᾶν

374 2567 490 2610 τέλος
511 2568 831 2620 καταφαίνεσθαι.
865 2568 1034 2607 Terent.
1057 2566 1240 2622 Adelph.
1260 2575 1303 2620 5,
1324 2579 1366 2620 3,
1393 2567 1454 2606 18.
1476 2581 1574 2607 nam
1595 2573 1711 2608 vetus
1729 2581 1818 2621 ver-

375 2635 470 2675 bum
489 2634 562 2674 hoc
580 2634 742 2690 quidem
763 2640 835 2683 est,
860 2634 1108 2685 Communia
1128 2646 1212 2673 esse
1231 2633 1455 2674 amicorum
1475 2634 1583 2674 inter
1602 2647 1643 2673 se
1662 2634 1815 2674 omnia.

376 2700 544 2741 Pindar.
566 2701 689 2741 Nem.
712 2713 753 2752 9,
781 2712 842 2754 13.
865 2699 951 2740 ἔστι
980 2699 1023 2740 δέ
1048 2716 1105 2743 τις
1133 2700 1254 2752 λόγος
1284 2700 1511 2752 ἀνθρώπων,
1532 2700 1816 2751 τετελεσμένον

376 2767 498 2808 ἐσλὸν
517 2767 569 2818 μὴ
588 2767 711 2820 χαμαὶ
731 2769 824 2820 σιγᾷ
846 2768 1034 2819 καλύψαι.

433 2843 454 2885 7
459 2843 528 2886 54.
568 2833 816 2886 τεκνοῦσθαι]
856 2833 1029 2873 Liberos
1062 2846 1294 2888 procreare.
1341 2848 1394 2873 sc.
1433 2831 1702 2872 calamitates:
1738 2830 1813 2872 loci

373 2899 610 2940 sententiam
641 2914 806 2954 prorsus
834 2898 1086 2954 praetervidit
1119 2897 1333 2940 Stanleius.
1381 2898 1473 2940 Vid.
1496 2907 1591 2953 733.
1636 2896 1814 2953 Aptissi-
