1962 3224
555 178 645 220 AD
675 178 1210 221 AGAMEMNONEM.
1530 177 1614 221 851

151 305 189 332 v.
211 301 332 331 1121.
363 290 426 331 ἐπὶ
447 290 492 331 δὲ
513 290 675 342 καρδίαν
695 289 839 344 ἔδραμε
860 291 1114 344 κροκοβαφὴς
1140 291 1324 344 σταγῶνε
1361 289 1415 331 de
1432 290 1619 332 vestibus

151 372 246 399 cum
270 355 516 398 Blomfieldo
536 357 731 410 Bothius,
749 357 900 399 collato
919 358 1074 414 Eurip.
1098 359 1208 400 Hec.
1230 357 1328 414 558.
1358 356 1431 399 ubi
1458 356 1512 399 de
1532 358 1616 399 Po-

151 426 304 482 lyxena
322 424 588 473 immolanda,

379 495 570 546 λαβοῦσα
587 493 767 538 πέπλους
787 495 829 545 ἐξ
848 494 971 547 ἄκρας
991 495 1186 546 ἐπωμίδος

380 560 518 614 ἔρρηξε
536 563 711 615 λαγόνος
731 562 771 605 ἐς
789 560 930 613 μέσον,
951 560 1041 615 παρ’
1064 562 1266 615 ὀμφαλὸν,

378 631 552 680 μαστούς
569 630 601 671 τ’
623 630 762 681 ἔδειξε,
783 629 930 683 στέρνα
949 628 1000 680 θ’,
1021 630 1074 672 ὡς
1093 628 1334 683 ἀγάλματος,
1382 667 1387 670 .

380 697 588 740 κάλλιστα·
621 699 685 740 καὶ
704 701 874 740 καθεῖσα
890 698 989 752 πρὸς
1007 701 1129 752 γαῖαν
1147 698 1259 751 γόνυ,

379 765 495 818 ἔλεξε
513 766 674 809 πάντων
692 765 1014 819 τλημονέστατον
1032 767 1170 820 λόγον.

208 831 240 873 δ’
261 847 343 875 om.
365 834 420 876 T.

207 901 376 958 χέουσα]
396 901 532 956 χέουσ’
556 901 700 958 Steph.
1127 958 1132 962 Ι

212 982 308 1021 240.
343 969 487 1022 ἔβαλλ’
525 970 582 1012 Τ.
618 969 728 1011 Rob.
775 969 878 1021 ἔβαν
912 968 1019 1010 Ald.
1062 969 1180 1022 ἔβαλ’
1216 970 1366 1025 (ἔβαλε
1402 971 1488 1027 Μ.)
1523 971 1618 1015 libri

151 1037 315 1094 reliqui.

207 1107 326 1158 βέλει
358 1106 565 1163 φιλοίκτῳ]
606 1106 708 1148 Telo
737 1106 1036 1148 misericordiae
1068 1121 1250 1148 amorem
1285 1108 1512 1163 injiciente.
1551 1113 1618 1161 φι-

150 1176 387 1228 λοικτίρμων
414 1175 593 1217 occurrit
621 1174 664 1216 in
694 1174 846 1231 Eurip.
878 1174 978 1231 Iph.
1007 1175 1062 1216 T.
1089 1186 1189 1231 345.
1250 1175 1371 1217 Infra
1390 1185 1487 1230 719.
1517 1181 1619 1228 μαλ-

151 1242 275 1284 θακὸν
293 1242 478 1295 ὀμμάτων
501 1243 640 1296 βέλος.
673 1242 823 1299 Suppl.
845 1256 970 1284 1001.
1001 1245 1091 1287 Πᾶς
1119 1260 1176 1287 τις
1204 1244 1416 1296 παρελθὼν
1445 1244 1620 1297 ὄμματος

152 1310 384 1364 θελκτήριον
417 1310 581 1364 Τόξευμ’
616 1312 812 1365 ἔπεμψεν,
843 1311 976 1364 ἱμέρου
1007 1311 1233 1364 νικώμενος.
1296 1311 1491 1353 senarius
1524 1327 1619 1369 pro—

152 1378 356 1430 verbialis,
377 1379 566 1424 Γυναικὸς
591 1380 698 1432 ὄμμα
723 1383 805 1424 τοῖς
832 1379 1070 1432 ἀκμάζουσιν
1097 1379 1235 1432 βέλος.
1266 1379 1509 1421 Aristaenet.
1530 1381 1618 1437 Ep.

156 1460 191 1487 1.
224 1447 424 1502 εὐστόχως
444 1448 682 1499 ἐπιτοξεύειν
699 1451 786 1491 ταῖς
804 1451 883 1489 τῶν
903 1446 1087 1499 ὀμμάτων
1106 1452 1267 1499 βολαῖς,
1286 1447 1401 1504 quod
1422 1447 1620 1505 exprimit

153 1515 345 1557 Musaeus
366 1529 434 1572 95.
464 1514 530 1557 ἀπ’
557 1517 783 1569 ὀφθαλμοῖο
811 1515 978 1567 βολάων
1003 1515 1166 1559 Κάλλος
1195 1517 1430 1564 ὀλισθαίνει,
1460 1517 1525 1558 καὶ
1554 1515 1620 1558 ἐπὶ

152 1583 302 1636 φρένας
340 1584 482 1637 ἀνδρὸς
519 1585 659 1626 ὁδεύει.
734 1583 899 1626 Scilicet
935 1583 1171 1641 Iphigenia,
1204 1584 1312 1626 sicut
1344 1584 1538 1626 Eteocles
1573 1584 1620 1626 in

153 1651 302 1709 Eurip.
335 1652 486 1695 Phoen.
515 1664 639 1708 1454.
679 1653 818 1707 φωνὴν
847 1653 923 1705 μὲν
952 1653 1022 1693 οὐκ
1056 1653 1223 1706 ἀφῆκεν,
1257 1651 1443 1705 ὀμμάτων
1475 1651 1506 1694 δ’
1540 1653 1619 1695 ἄπο

152 1723 358 1772 Προσεῖπε
385 1722 578 1774 δακρύοις.
610 1721 707 1778 Iph.
730 1722 787 1762 A.
805 1731 927 1776 1245.
958 1722 1053 1768 ἰδοῦ,
1082 1725 1242 1763 σιωπῶν
1269 1722 1461 1762 λίσσεταί
1487 1719 1524 1762 σ’
1546 1721 1617 1769 ὅδ’,

152 1786 183 1829 ὦ
212 1789 350 1842 πάτερ.
382 1788 596 1845 Meleager
625 1789 804 1832 Anthol.
835 1789 968 1831 Palat.
1002 1802 1040 1833 2.
1070 1804 1116 1846 p.
1141 1800 1243 1844 501.
1274 1791 1324 1831 τὰ
1354 1790 1419 1831 καὶ
1449 1792 1619 1843 κωφοῖσι

150 1859 354 1898 λαλεῦντα
377 1855 578 1909 Ὄμματα.
625 1856 814 1912 Hesych.
856 1855 1095 1908 Ὀμμάτειος
1126 1858 1261 1901 πόθος.
1296 1859 1362 1899 διὰ
1391 1857 1438 1898 τὸ
1471 1859 1514 1899 ἐκ
1547 1859 1618 1898 τοῦ

151 1924 249 1976 ὁρᾶν
279 1925 519 1966 ἁλίσκεσθαι
549 1924 793 1978 ἔρωτι-Ἐκ
826 1927 895 1966 τοῦ
926 1926 1004 1978 γὰρ
1036 1926 1182 1978 ἐσορᾶν
1212 1925 1363 1979 γίγνετ’
1396 1925 1619 1978 ἀνθρώποις

153 1992 261 2043 ἐρᾶν.
311 1993 374 2033 καὶ
410 1994 655 2046 (Σοφοκλῆς)
692 1994 737 2034 ἐν
767 1991 994 2047 Ἀχιλλέως
1025 1991 1240 2045 Ἐρασταῖς
1274 1992 1618 2048 ὀμματοπάλογχα

152 2060 291 2111 φησίν.
350 2060 479 2101 Forte
498 2059 722 2116 legendum
745 2059 929 2112 ὀμμάτων
948 2060 1026 2102 ἄπο
1046 2061 1209 2114 Λόγχας
1231 2061 1441 2115 (ἔπεμψε).
1487 2060 1618 2103 Plura

151 2126 192 2167 in
225 2126 332 2169 hano
360 2142 446 2168 rem
477 2127 669 2169 facientia
698 2127 836 2169 videas
859 2143 928 2184 ap.
949 2128 1094 2184 Toup.
1117 2127 1159 2169 in
1188 2128 1360 2170 Suidam
1384 2141 1425 2169 2.
1446 2143 1491 2185 p.
1510 2130 1615 2185 567.

153 2194 407 2237 Valckenaer.
428 2195 481 2237 ad
503 2195 679 2253 Hippol.
699 2206 799 2251 525.
828 2196 951 2237 Ballu
979 2196 1033 2238 ad
1054 2198 1166 2253 Opp.
1187 2212 1231 2253 p.
1255 2210 1350 2253 294.
1373 2198 1617 2240 Boissonad.

151 2262 206 2304 ad
227 2263 423 2306 Philostr.
447 2263 616 2306 Heroic.
638 2279 680 2320 p.
702 2265 799 2316 640.
831 2264 1062 2306 BLOMF.
1114 2265 1162 2306 In
1182 2264 1275 2307 loco
1296 2264 1513 2323 Sophoclis
1532 2280 1617 2307 non

151 2331 443 2374 animadvertit
463 2331 737 2374 Blomfieldus
757 2331 950 2373 vitiosum
981 2348 1069 2374 esse
1099 2335 1239 2386 φησίν,
1266 2333 1381 2390 quod
1410 2333 1465 2375 ad
1491 2333 1619 2376 verba

152 2408 287 2455 poetae
305 2399 584 2451 referendum,
601 2415 697 2456 quae
718 2400 775 2441 sic
796 2410 893 2442 sunt
912 2400 1172 2458 corrigenda,
1186 2401 1372 2454 ὀμμάτων
1386 2402 1463 2444 ἄπο
1490 2401 1498 2459 Ι
1522 2403 1620 2456 λόγ-

153 2484 229 2521 χας
247 2468 427 2521 ἀφίησιν.

213 2546 312 2587 241.
344 2536 389 2576 ἐν
417 2534 606 2590 γραφαῖς]
631 2536 760 2577 Muta
784 2546 873 2578 erat
905 2536 1139 2593 Iphigenia,
1170 2536 1401 2594 eademque
1429 2546 1619 2590 venusta,

154 2611 283 2658 atque
310 2601 416 2644 adeo
443 2602 567 2659 pictae
595 2602 750 2655 similis,
781 2605 846 2645 διὰ
875 2604 921 2645 τὸ
958 2605 1119 2656 κάλλος,
1151 2604 1174 2657 ἢ
1209 2607 1274 2647 διὰ
1299 2605 1345 2647 τὸ
1379 2607 1618 2659 ἆφωνητεῖν,

155 2669 283 2712 schol.
338 2669 494 2727 Eurip.
525 2671 697 2713 Heeub.
730 2672 830 2726 564.
866 2673 1041 2723 μαστούς
1069 2671 1101 2713 τ’
1136 2673 1274 2724 ἔδειξε,
1308 2672 1455 2726 στέρνα
1484 2672 1534 2720 θ’,
1568 2673 1622 2718 ὥς

155 2738 397 2792 ἀγάλματος,
419 2737 642 2780 Κάλλιοτα.
674 2740 798 2780 Plato
822 2739 1037 2781 Charmid.
1058 2755 1100 2797 p.
1122 2750 1216 2795 154.
1239 2741 1290 2781 C.
1322 2741 1432 2782 ἀλλὰ
1459 2739 1622 2791 πάντες,

155 2807 290 2861 ὥσπερ
317 2807 492 2860 ἄγαλμα,
514 2808 682 2848 ἐθεῶντο
713 2806 848 2848 αὐτόν.
880 2806 1130 2849 Chaeremon
1150 2808 1350 2850 Athenaei
1369 2821 1436 2865 13.
1458 2824 1500 2864 p.
1520 2809 1621 2851 608.

158 2875 211 2916 Β.
252 2878 321 2927 τῆς
359 2876 392 2917 δ’
425 2876 475 2918 αὖ
506 2876 647 2930 χόρεια
684 2875 842 2928 λαγόνα
871 2874 944 2926 τὴν
972 2875 1184 2929 ἆριστέρην
1211 2875 1381 2918 Ἔλυσε·
1425 2876 1554 2930 γυμνὴ
1588 2879 1621 2919 δ’

153 2942 310 2996 αἰθέρος
342 2943 514 2996 θεάμασι
550 2946 695 2985 Ζῶσαν
728 2942 889 2996 γραφὴν
921 2942 1076 2995 ἔφαινε.
1138 2943 1260 2985 Idem
1290 2942 1390 2986 ibid.
1412 2944 1471 2987 D.
1504 2945 1620 2997 κόμαι
1701 2959 1704 2962 ·
