1962 3224
396 192 483 231 558
867 191 1362 233 ANNOTATIONES

450 302 548 356 576.
569 302 713 355 δόμων]
740 300 1008 342 Scribendum
1032 304 1135 358 νόμῳ
1154 317 1248 344 cum
1270 301 1484 358 Burgesio.
1530 301 1651 343 Conf.
1674 317 1713 342 v.
1732 313 1829 356 473.

397 368 523 423 Soph.
545 368 648 409 (Ed.
670 369 760 410 Col.
781 369 879 423 548.
901 370 1150 425 comparavit
1180 371 1458 418 Hermannus‚
1481 369 1584 423 νόμῳ
1604 369 1647 409 δὲ
1667 368 1832 420 καθαρὸς

396 435 516 488 ἄϊδρις
537 436 576 478 ἐς
595 434 671 476 τόδ’
687 435 823 486 ἦλθον.

451 511 548 556 577.
570 501 681 555 ἀνὴρ]
708 501 803 553 ἀνὴρ
823 501 930 542 libri.

452 567 656 623 ἐφέστιος]
680 562 870 619 ἐφεστίῶς
890 568 954 608 Μ.

451 641 551 685 579.
573 629 604 671 δ’
625 645 704 670 om.
728 631 864 671 Turn.

451 696 550 752 580.
571 698 659 753 τοῦ]
681 700 793 738 τοῦδε
813 699 876 738 Μ.
899 698 1030 738 Paris.
1055 698 1196 739 Guelf.
1219 698 1321 739 Ald.
1345 698 1453 739 Rob.

450 763 549 817 581.
580 764 701 819 ὅπως]
733 764 1002 804 scribendum
1028 766 1131 807 ὅπως
1160 766 1191 804 τ’
1211 779 1305 805 cum
1334 766 1575 806 Hermanno
1604 774 1644 806 et
1673 780 1831 806 comma

395 838 488 885 post
508 830 647 884 ἐπίστᾳ
664 831 829 881 »(ἐπίστα
848 830 959 884 libri)
979 830 1211 871 delendum.

454 897 635 948 κυρώσων
660 897 796 937 Turn.
822 897 965 953 Steph.
1017 897 1286 939 scribendum
1317 899 1492 951 κύρωσον
1520 913 1569 939 ex
1601 899 1667 940 M.
1689 898 1830 940 Guelf.

395 962 495 1003 Ald.
519 962 627 1003 Rob.

450 1030 692 1083 583—644.
713 1043 796 1070 om.
814 1030 868 1070 T.

450 1096 548 1150 585.
578 1096 744 1150 πολλαὶ]
778 1097 907 1137 Recte
937 1095 1164 1148 scholiasta,
1183 1100 1294 1138 τοῦτο
1315 1097 1360 1138 οὗ
1383 1097 1479 1150 πρὸς
1502 1099 1571 1141 τὰς
1590 1101 1702 1150 τρεῖς,
1725 1097 1832 1138 ἀλλὰ

395 1162 491 1215 πρὸς
509 1161 580 1203 τὸν
597 1163 732 1215 χορόν·
764 1161 810 1203 ιε’
831 1164 905 1215 γὰρ
925 1162 1040 1214 ἦσαν.

453 1228 511 1283 δὲ]
531 1229 605 1280 μὲν
626 1228 766 1269 Guels.
788 1227 889 1269 Ald.

453 1295 668 1349 συντόμως]
693 1296 886 1346 ξυντόμως
907 1294 1018 1336 Rob.

451 1362 550 1415 587.
571 1361 817 1416 κατέκτονας]
839 1362 1072 1404 κατόκτονας
1091 1361 1192 1403 Ald.
1239 1361 1480 1406 κατέκτεινας
1500 1362 1609 1404 Rob.
1651 1363 1831 1405 κατέκτα-

397 1444 462 1470 νες
495 1426 717 1467 Elmsleius
750 1426 802 1467 ad
842 1426 991 1482 Eurip.
1027 1426 1144 1468 Med.
1177 1437 1271 1480 774.
1308 1437 1415 1469 recte
1444 1428 1626 1469 fortasse.
1684 1429 1743 1469 Et
1777 1428 1832 1469 sic

397 1509 435 1534 v.
458 1503 558 1548 591.

451 1560 551 1614 589.
583 1558 986 1615 ἓν-παλαισμάτων]
1011 1558 1155 1599 Tertia
1173 1559 1364 1600 nimirum
1384 1559 1425 1600 in
1446 1559 1735 1601 luctationibus
1763 1560 1830 1602 ab·

389 1625 567 1682 jectione
586 1625 627 1666 in
649 1635 796 1666 terram
819 1623 985 1665 victoria
1008 1625 1198 1666 constitit.
1249 1625 1369 1667 Plato
1388 1626 1429 1666 in
1451 1626 1741 1682 Euthydemo:
1777 1627 1833 1667 ἔτι

396 1693 442 1744 δὴ
473 1693 536 1733 ἐπὶ
565 1692 608 1732 τὸ
632 1693 762 1744 τρίτον
783 1692 1020 1742 καταβαλὼν
1040 1691 1172 1744 ὥσπερ
1201 1692 1418 1743 πάλαισμα,
1441 1694 1549 1746 ὥρμα
1568 1695 1589 1734 ὀ
1611 1694 1833 1744 Εὐθύδημος

395 1760 493 1813 πρὸς
523 1760 741 1800 νεανίσκον.
803 1759 955 1798 Seneca
973 1758 1025 1798 de
1053 1758 1197 1798 Benef.
1212 1769 1253 1813 5,
1275 1771 1318 1813 3.
1337 1760 1535 1801 Luctator
1563 1766 1626 1801 ter
1653 1761 1832 1815 aly'ectus

393 1827 579 1883 perdidit
602 1826 800 1882 palmam,
819 1840 902 1865 non
932 1825 1118 1866 tradidit.
1171 1825 1397 1866 Aristides:
1429 1827 1474 1866 τὸ
1495 1827 1624 1878 τρίτον
1642 1827 1830 1873 πλεύσας,

396 1895 529 1945 ὥσπερ
549 1894 586 1933 οἳ
604 1893 818 1933 παλαισταὶ
837 1892 1085 1932 παλαίουσιν.
1119 1893 1335 1933 STANL.
1385 1891 1639 1944 παλαιμάτων
1659 1893 1768 1934 Rob.

453 1970 552 2014 592.
572 1959 691 2013 λέξω]
715 1958 822 2011 λέγω
844 1959 908 1998 Μ.
931 1959 1026 1999 Par.
1049 1959 1156 1999 Rob.
1177 1974 1257 2000 non
1278 1959 1396 2001 male.

453 2027 550 2080 596.
573 2026 652 2080 ἀεὶ]
678 2026 754 2066 αἰεὶ
775 2027 908 2066 Turn.
933 2025 1074 2081 Steph.

452 2093 551 2147 598.
571 2092 733 2148 πέμπει]
755 2092 905 2145 πέμψει
927 2092 1118 2147 Scaliger.

452 2168 551 2214 599.
595 2158 798 2214 πέπεισθι]
842 2158 1006 2199 πέποιθε
1046 2159 1179 2198 Turn.
1223 2158 1365 2214 Steph.
1405 2158 1566 2199 rarioris
1605 2158 1834 2214 imperativi

397 2226 540 2266 formae
560 2225 701 2281 ignari,
723 2225 775 2265 de
794 2239 877 2279 qua
897 2224 999 2264 dixit
1025 2225 1304 2264 Buttmannus
1325 2225 1509 2265 Gramm.
1533 2225 1611 2265 vol.
1632 2236 1669 2266 2.
1690 2240 1731 2280 p.
1752 2237 1815 2266 12.

455 2293 552 2333 600.
582 2291 817 2343 μιασμάτοιν
837 2289 1057 2331 Elmsleius
1077 2289 1128 2330 ad
1150 2289 1297 2346 Eurip.
1320 2291 1436 2331 Med.
1460 2291 1554 2344 798.
1596 2291 1833 2346 Legebatur

396 2358 636 2410 μιασμάτων.

454 2426 549 2465 602.
573 2425 700 2464 Hunc
721 2437 882 2463 versum
902 2429 1009 2463 recte
1029 2421 1224 2478 explicuit
1241 2422 1450 2473 Pauwius,
1468 2424 1607 2464 virum
1627 2424 1836 2479 interficit

396 2503 567 2546 eumque
584 2490 834 2544 interficiens
853 2489 981 2529 simul
990 2494 1158 2544 patrem
1178 2502 1324 2530 meum.

455 2558 553 2611 603.
573 2555 728 2611 τοιγὰρ]
751 2556 796 2597 τὸ
815 2557 891 2608 γὰρ
912 2555 1014 2597 Ald.
1037 2556 1171 2596 Turn.

455 2623 595 2678 φόνου]
619 2621 887 2663 Scribendum
908 2623 1030 2677 φόνῳ.
1065 2622 1216 2677 Itaque
1235 2628 1281 2662 tu
1299 2622 1462 2677 quidem
1482 2622 1591 2662 vivis
1612 2623 1679 2675 (ut
1698 2629 1739 2662 te
1758 2636 1836 2677 pro

397 2690 509 2732 caede
534 2690 674 2731 matris
695 2689 832 2730 ulcisci
861 2690 1030 2744 possim)
1052 2689 1135 2730 haec
1155 2694 1290 2730 autem
1319 2688 1428 2729 caede
1449 2689 1551 2744 (qua
1579 2697 1622 2728 tu
1652 2702 1740 2728 eam
1766 2702 1834 2727 ne-

398 2756 516 2811 casti)
537 2758 588 2798 ab
608 2757 761 2798 ultione
781 2770 870 2796 mea
895 2756 1026 2797 libera
1044 2757 1186 2806 evasit,
1207 2754 1393 2810 illudque
1422 2755 1552 2795 scelus
1581 2753 1676 2794 satis
1695 2753 1835 2809 expia-

399 2824 471 2865 vit.
503 2824 635 2864 SCH.
770 2856 774 2859 ,

456 2891 551 2944 605.
571 2888 753 2944 ὅμαιμος]
777 2888 896 2930 Conf.
918 2903 958 2930 v.
981 2900 1075 2931 212.
