1962 3224
663 141 754 182 AD
786 138 1144 182 SUPPLICES.
1555 132 1641 175 613

229 268 332 314 519.
352 256 464 313 ποῖα]
483 260 572 298 τοῖα
590 255 742 312 vulgo:
776 253 849 296 sed
869 258 966 295 ποῖα
985 265 1189 309 superscr.
1210 249 1253 291 in
1275 250 1373 291 Par.

228 338 328 381 522.
357 328 565 379 πορσυνῶν
583 321 880 365 Valckenarius
909 320 962 362 ad
985 319 1139 377 Eurip.
1161 317 1310 360 Phoen.
1333 318 1456 360 1082.
1491 317 1640 369 πορσ-ύ-

175 411 255 436 νων
274 393 378 436 libri.

230 471 761 518 524-530=531-537·

231 530 760 586 538—546=547—555·

233 598 766 654 556—564=565-573·

233 665 457 722 574—581
470 664 762 719 :582—589.

234 744 766 790 590-594=595-·599·

235 803 334 858 526.
355 801 621 856 τελειότατον]
647 800 873 842 τελειότατε
893 796 996 839 Ald.
1019 797 1156 838 Turn.

235 883 334 926 527.
354 869 507 925 πείθου]
531 867 804 910 Scribendum
824 869 941 909 πιθοῦ
961 880 1054 907 cum
1080 863 1275 907 Stanleio.

236 951 334 995 530.
355 940 430 980 τὰν
448 935 678 990 μελανόζυγ’
701 935 821 993 ἄταν]
845 936 977 977 Recte
1000 932 1207 975 Stanleius
1226 932 1279 974 ad
1304 934 1456 990 nigros
1477 934 1647 992 Aigyp-

181 1007 331 1049 tiorum
348 1006 523 1063 remiges
536 1016 701 1063 poetam
717 1004 918 1062 respicere
934 1002 1137 1060 judicavit
1153 1002 1401 1059 comparatis
1416 1018 1452 1045 v.
1470 1015 1564 1060 719.
1581 1018 1643 1060 sq.

409 1106 604 1160 πρέπουσι
624 1107 654 1148 δ’
677 1107 816 1161 ἄνδρες
838 1106 939 1159 νήϊοι
957 1106 1220 1159 μελαγχίμοις

408 1176 556 1229 γυίοισι
574 1179 726 1217 λευκῶν
748 1177 790 1216 ἐκ
810 1173 1085 1227 πεπλωμάτων
1106 1176 1218 1216 ἰδεῖν.

183 1276 291 1318 adde
310 1290 346 1318 v.
371 1286 465 1332 745.
499 1277 630 1318 SCH.

202 1390 204 1393 .
238 1358 337 1400 531.
358 1346 568 1400 γυναικῶν]
598 1344 854 1386 Vocabulum
877 1354 1135 1401 corruptum.
1167 1347 1292 1398 γονᾶν
1312 1348 1396 1386 σῶν
1418 1344 1612 1386 Bothius.

238 1425 336 1468 533.
378 1414 516 1466 φιλίας
531 1413 706 1468 -Ἷοὺς]
744 1414 921 1455 Dilectae
960 1413 1036 1454 tibi
1072 1413 1264 1453 mulieris
1301 1414 1458 1454 ataviae
1494 1421 1651 1456 nostrae

181 1482 308 1522 recole
337 1482 534 1522 memoria
548 1482 790 1537 jucundam
803 1481 1008 1537 fabulam
1036 1497 1066 1521 s.
1088 1482 1377 1522 narrationem
1392 1498 1407 1528 ,·
1420 1483 1523 1538 fite,
1543 1497 1567 1524 o
1587 1489 1649 1533 tu,

181 1550 254 1606 qui
279 1549 376 1590 olim
401 1551 719 1591 contrectatione
746 1556 819 1591 tua
844 1551 988 1591 Ionem
1018 1551 1313 1606 improegnasti
1343 1556 1391 1592 nt
1418 1566 1532 1592 nunc
1559 1553 1651 1608 eju-9

181 1619 244 1659 rei
277 1618 505 1674 diligenter
538 1619 779 1660 recorderis.
818 1619 951 1660 SCH.
1012 1618 1217 1660 Deleatur
1245 1619 1526 1676 interpunctio
1556 1631 1651 1677 post

184 1685 301 1740 γένος
320 1696 362 1727 et
381 1686 565 1738 γυναικός
584 1698 625 1728 et
644 1690 935 1741 πολυμνῆστορ.

242 1767 341 1810 535.
375 1757 654 1809 πολυμνῆστορ
690 1756 961 1796 Hermannus
997 1755 1134 1796 Elem.
1166 1755 1297 1797 doctr.
1331 1766 1448 1798 metr.
1478 1773 1521 1814 p.
1555 1770 1651 1813 232.

187 1823 430 1879 Legebatur
467 1823 767 1876 πολυμνήστωρ.
803 1827 923 1876 γενοῦ
953 1827 1233 1876 πολυμνῆστορ
1262 1823 1419 1866 dictum
1450 1837 1499 1867 ut
1534 1827 1653 1878 ὄλβιε

188 1894 285 1943 κῶρε
305 1890 439 1944 γένοιο
459 1892 571 1948 apud
596 1891 775 1932 Theocr.
796 1903 863 1944 17,
884 1892 952 1932 66.

245 1959 423 2012 ἔφαπτορ
444 1960 669 2001 Porsonus.
701 1958 886 2013 ἐφάπτωρ
906 1958 1014 2000 libri.

242 2028 343 2082 536.
367 2027 413 2068 δι’
434 2028 481 2071 ἇς
499 2045 560 2070 τοι
581 2029 806 2070 Porsonus.
829 2029 914 2071 δίας
932 2045 993 2069 τοι
1012 2027 1123 2079 libri,
1145 2028 1220 2070 nisi
1241 2029 1356 2086 quod
1379 2029 1532 2072 διάστοι
1547 2030 1652 2072 Ald.

189 2096 285 2146 Quo
314 2095 415 2137 vitio
443 2096 642 2154 deceptus
672 2097 891 2139 scholiasta
920 2100 988 2149 τῆς
1017 2098 1103 2141 δίας
1126 2099 1340 2152 Αἰγύπτου,
1368 2102 1436 2151 τῆς
1466 2103 1533 2140 τοῦ
1555 2100 1653 2144 Διὸς

189 2164 294 2216 ἱερᾶς
312 2166 384 2216 γῆς
402 2174 463 2206 est
481 2164 790 2222 interpretatuS.

244 2245 342 2288 539.
368 2233 539 2288 ἐπωπᾶς]
562 2235 782 2285 κατανομᾶς
801 2233 1099 2290 interpretatur
1120 2235 1350 2277 scholiasta.

244 2314 344 2356 542.
365 2302 616 2356 ἁμαρτίνοος]
641 2303 876 2355 ἆμαρτίνους
895 2302 998 2344 Ald.
1020 2305 1156 2344 Turn.

246 2382 342 2424 544.
365 2372 453 2424 διχῆ
473 2369 504 2411 δ’
522 2371 927 2426 ἀντίπορον-ὁρίζει]
947 2372 1011 2413 bis
1031 2372 1232 2428 verosatz'
1248 2375 1489 2415 necessitate
1504 2375 1656 2417 adacta

171 2438 345 2492 fretum
366 2437 640 2487 maritimum,
662 2452 810 2494 nempe
831 2439 1064 2496 Bosporum
1090 2440 1334 2491 Thracium,
1357 2452 1398 2483 et
1417 2443 1655 2499 Bosporum

193 2504 480 2555 Cimmerium,
500 2506 642 2546 ‘nando
670 2520 875 2562 superans
903 2508 961 2548 ad
988 2509 1219 2564 oppositam
1251 2511 1530 2552 continentem
1552 2525 1656 2567 per-

192 2575 318 2615 venit.
352 2574 486 2615 SCH.

247 2652 346 2696 547.
377 2642 523 2697 ἰάπτει]
558 2643 697 2684 Verbo
725 2644 839 2700 quod
870 2646 1005 2686 active
1034 2656 1219 2687 sumtum
1248 2646 1451 2703 significat
1477 2650 1655 2701 mittere,

190 2710 433 2751 neutraliter
452 2726 551 2752 usus
571 2721 632 2752 est
652 2726 730 2767 pro
748 2713 827 2763 ire,
850 2714 1046 2755 transire.
1080 2715 1212 2755 SCH.

249 2776 280 2818 δ’
306 2776 467 2821 Ἀσίδος
493 2779 630 2819 Turn.
666 2780 803 2823 ἆσίδος
830 2780 941 2822 Rob.
978 2781 1147 2832 βάσιδος
1174 2783 1240 2824 M.
1275 2784 1345 2837 (ex
1374 2800 1460 2842 quo
1488 2787 1658 2838 βασίδος

192 2845 426 2898 enotatum)
450 2845 593 2887 Guelf.
616 2846 719 2888 Ald.
744 2847 886 2904 Steph.
908 2858 950 2890 et
970 2849 1098 2891 codex
1123 2851 1369 2893 Robortelli.

251 2924 349 2968 549.
373 2915 544 2969 Μυσῶν]
566 2919 724 2967 μουσῶν
744 2915 846 2958 Ald.
868 2916 978 2959 Rob.
