1962 3224
523 718 1238 778 EUMENIDES.

155 1007 418 1066 TERTIA
436 1023 525 1066 haec
551 1034 613 1066 est
639 1022 814 1079 trilogiae
835 1023 1019 1063 Oresteae
1039 1020 1197 1071 fabula,
1216 1020 1337 1077 cujus
1357 1019 1410 1060 de
1431 1028 1618 1077 tempore

153 1090 312 1133 dictum
332 1100 393 1133 est
412 1091 453 1133 in
477 1091 786 1148 Prolegomenis
805 1090 859 1131 ad
879 1091 1254 1146 Agamemnonem.
1293 1087 1475 1138 Chorus,
1496 1087 1619 1144 cujus

154 1159 380 1216 praecipuae
410 1159 452 1200 in
485 1159 562 1200 hac
595 1158 739 1200 fabula
768 1167 908 1215 partes
941 1166 1052 1206 sunt,
1085 1171 1217 1212 quum
1253 1171 1305 1197 ex
1338 1155 1479 1197 Furiis
1512 1164 1618 1197 esset

153 1228 478 1285 componendus,
499 1228 648 1279 tribus,
671 1241 775 1283 quas
797 1226 968 1267 Graecos
992 1223 1165 1266 coluisse
1192 1231 1367 1274 constat,
1396 1223 1617 1266 duodecim

151 1295 252 1337 alias
270 1295 464 1352 adjunxit
485 1294 727 1352 AEschylus,
749 1309 835 1350 quo
854 1292 1084 1351 legitimum
1108 1293 1222 1336 chori
1251 1293 1397 1350 tragici
1423 1309 1617 1350 persona-

151 1379 247 1405 rum
267 1378 487 1405 numerum
509 1372 818 1418 assequeretur:
849 1362 1202 1418 quemadmodum
1219 1378 1242 1403 e
1256 1361 1463 1404 contrario
1479 1362 1618 1404 Danai

151 1432 329 1474 filiarum
352 1431 657 1489 quinquaginta
677 1446 895 1472 numerum
917 1431 969 1472 ad
991 1430 1227 1487 quindecim
1251 1446 1518 1487 personarum
1540 1446 1620 1473 nu-

151 1514 312 1541 merum
339 1499 489 1541 minuit
518 1499 560 1540 in
593 1498 870 1555 Supplicibus.
934 1499 1002 1539 De
1033 1499 1166 1555 specie
1196 1498 1428 1555 habituque
1458 1498 1619 1541 scenico

153 1568 377 1610 Furiarum
413 1567 576 1624 copiose
607 1566 806 1624 explicuit
839 1566 1036 1608 adhibitis
1067 1575 1108 1607 et
1146 1576 1332 1608 veterum
1368 1566 1618 1623 scriptorum

150 1636 392 1678 testimoniis
410 1645 451 1678 et
470 1635 675 1677 artificum
695 1634 891 1691 operibus
908 1634 1173 1690 Boettigerus
1190 1634 1231 1676 in
1246 1634 1355 1676 libro
1369 1634 1618 1678 Germanice

152 1705 305 1761 scripto
333 1704 386 1746 de
415 1719 589 1760 persona
615 1703 839 1744 Furiarum
871 1703 977 1755 (Die
997 1702 1306 1744 Furienmaske
1334 1704 1393 1744 im
1427 1704 1618 1744 Trauer-

151 1773 313 1829 spi-ele),
336 1772 528 1813 Vimariae
557 1771 669 1813 edito
689 1787 725 1812 a.
749 1772 869 1812 1801.
897 1780 992 1826 post
1012 1770 1299 1826 Boettigerum
1330 1770 1413 1821 alii,
1435 1786 1616 1827 quorum

152 1839 458 1882 observationes
485 1838 676 1896 exposuit
711 1838 878 1894 suisque
913 1837 1031 1878 auxit
1062 1837 1318 1879 Wieselerus
1346 1837 1388 1879 in
1421 1838 1619 1895 Prolego-

152 1906 284 1948 menis
310 1905 361 1947 ad
386 1907 661 1961 Conjectanea
689 1906 737 1946 in
757 1904 950 1960 AEschyli
970 1905 1244 1955 Eumenides,
1267 1905 1484 1962 Gottingae
1506 1906 1619 1949 edita

153 1990 190 2016 a.
211 1975 333 2029 1839.

212 2040 464 2083 Fabulosam
504 2040 714 2096 quandam
749 2040 802 2081 de
841 2050 1012 2091 terrore,
1044 2055 1167 2096 quem
1205 2040 1430 2082 Furiarum
1466 2041 1619 2085 chorus

154 2108 480 2167 spectatricibus,
501 2123 606 2164 quas
632 2107 675 2149 in
702 2107 864 2149 theatro
885 2107 1032 2150 Attico
1052 2108 1123 2149 vix
1155 2107 1260 2150 ullas
1288 2108 1415 2151 fuisse
1443 2120 1619 2162 constat,

154 2176 383 2227 incusserit,
409 2175 584 2232 scriptor
611 2175 708 2217 vitae
730 2175 920 2233 AEscbyli
950 2175 1014 2217 his
1044 2175 1180 2218 verbis
1209 2176 1410 2232 prodidit,
1442 2179 1546 2221 τινὲς
1575 2178 1620 2220 δέ

153 2250 281 2298 φασιν
301 2245 345 2286 ἐν
370 2246 416 2296 τῇ
447 2245 630 2295 ἐπιδείξει
660 2247 738 2285 τῶν
758 2244 986 2295 Εὐμενίδων
1017 2243 1220 2296 σποράδην
1250 2245 1521 2298 εἰσαγαγόντα
1549 2245 1620 2287 τὸν

153 2312 278 2366 χορὸν
296 2314 486 2353 τοσοῦτον
507 2313 696 2363 ἐκπλῆξαι
714 2310 784 2353 τὸν
804 2313 927 2363 δῆμον
946 2312 1050 2353 ὥστε
1069 2313 1118 2353 τὰ
1136 2313 1211 2364 μὲν
1232 2311 1351 2363 νήπια
1372 2314 1549 2366 ἐκφῦξαι,
1570 2315 1620 2356 τὰ

155 2381 199 2435 δξ
228 2380 381 2433 ἔμβρυα
409 2381 726 2431 ἐξαμβλωθῆναι.
787 2379 1044 2430 Quibuscum
1069 2379 1348 2436 comparanda
1368 2379 1524 2431 similis,
1546 2381 1619 2423 sed

156 2461 238 2488 non
259 2446 344 2487 sine
369 2446 629 2503 gravioribus
654 2446 904 2503 quibusdam
937 2446 1146 2489 erroribus
1166 2448 1263 2489 ficta
1283 2447 1478 2500 narratio,
1497 2449 1620 2505 cujus

155 2528 181 2554 a
200 2512 372 2555 Polluce
391 2513 544 2554 mentio
563 2513 673 2556 facta
686 2524 746 2555 est
762 2527 805 2566 4,
824 2527 841 2555 1
853 2527 916 2555 10.
935 2514 980 2555 τὸ
1001 2515 1044 2555 δὲ
1063 2515 1238 2557 παλαιὸν
1259 2517 1280 2556 ὁ
1301 2516 1483 2570 τραγικὸς
1501 2517 1620 2571 χορὸς

157 2580 400 2631 πεντήκοντα
417 2580 521 2632 ἦσαν
540 2581 632 2634 ἄχρι
651 2585 728 2622 τῶν
749 2582 975 2633 Εὐμενίδων
991 2583 1211 2636 Αἰσχύλου·
1232 2584 1330 2636 πρὸς
1348 2585 1391 2626 δὲ
1406 2584 1476 2627 τὸν
1492 2587 1620 2640 ὄχλον

157 2649 284 2690 αὐτῶν
303 2651 371 2689 τοῦ
390 2647 562 2698 πλήθους
586 2648 867 2700 ἐκπτοηθέντος
893 2647 1154 2691 συνέστειλεν
1180 2652 1202 2690 ὀ
1233 2651 1352 2702 νόμος
1382 2653 1438 2695 εἷς
1468 2652 1619 2694 ἐλάττω

156 2715 322 2768 ἀριθμὸν
340 2715 411 2755 τὸν
429 2716 563 2768 χορόν.
625 2715 812 2764 Quorum
844 2723 1169 2756 commentorum
1193 2716 1415 2759 vanitatem
1437 2718 1480 2759 in
1509 2720 1621 2762 clara

156 2783 248 2825 luce
269 2781 482 2824 collocavit
503 2783 772 2823 Hermannus
793 2781 835 2822 in
856 2779 1212 2823 dissertationibus
1231 2783 1284 2824 de
1311 2784 1438 2826 choro
1458 2786 1618 2828 Eume-

158 2848 302 2891 nidum
325 2847 516 2905 AEschyli
536 2847 715 2899 duabus,
738 2847 898 2904 scriptis
917 2863 953 2889 a.
977 2849 1099 2899 1816,
1121 2849 1305 2905 repetitis
1331 2849 1372 2891 in
1395 2853 1621 2908 Opusculis

160 2915 241 2959 vol.
265 2929 302 2958 2.
324 2932 367 2973 p.
389 2917 624 2968 124—166.
687 2915 799 2958 Illud
821 2931 920 2958 vero
946 2926 1055 2959 recte
1085 2917 1257 2960 fortasse
1284 2918 1392 2961 dixit
1416 2935 1623 2977 gramma-
