1962 3224
625 121 716 162 AD
749 121 1106 163 SUPPLICES.
1512 118 1595 162 601

363 234 443 274 πῶς
463 230 495 272 δ’
517 231 567 273 ἂν
586 235 723 285 γαμῶν
743 232 920 274 ἄκουσαν
940 232 1104 276 ἄκοντος
1123 230 1231 285 πάρα

362 298 484 351 ἁγνὸς
503 298 648 352 γένοιτ”
669 299 733 341 ἄν.

128 388 289 442 partim
308 396 447 429 autem
478 388 552 430 has
582 389 749 446 nuptias
780 398 827 431 ut
856 389 1031 430 incestas
1059 387 1249 445 adeoque
1278 387 1439 430 illicitas
1461 387 1525 442 (τὸ
1547 388 1599 440 μὴ

132 454 261 508 θέμις)
282 455 475 507 aversari,
495 457 692 513 quoniam
714 458 828 511 φίλοι
855 456 950 507 sint,
970 457 1217 513 propinqui,
1241 455 1469 513 (patrueles
1490 454 1598 509 scil.)

130 523 284 579 quibus
302 524 357 566 ob
377 525 774 582 consanguinitatem
793 526 944 569 nubere
965 526 1080 568 nefas
1100 525 1164 568 sit.
1206 527 1450 582 Utrumque
1470 524 1600 582 igitur

130 590 297 633 brevius
316 591 456 649 eloqui
476 608 557 634 non
579 603 785 651 poterant,
807 609 934 651 quam
951 594 1030 636 hoc
1052 593 1202 635 modo:

357 684 430 728 Τίς
450 683 480 726 δ’
503 684 553 726 ἂν
573 684 717 738 φίλους
737 683 876 725 ὠνοῖτο
897 683 987 727 τοὺς
1007 682 1264 736 κεκτημένους
1279 702 1289 731 ;

130 771 262 813 SCH.
324 773 423 814 Non
453 772 649 815 satisfacit
678 773 768 815 haec
797 772 1098 830 interpretatio.
1160 772 1404 823 Scholiasta,
1436 773 1495 817 τίς
1523 775 1600 827 γὰρ

131 839 221 883 τοὺς
254 840 397 894 ἄνδρας
433 842 627 885 δεσπότας
662 841 802 883 ὥνοιτο
834 841 932 895 (boc
966 841 1175 895 accentu).
1221 843 1341 883 οἴοιτο
1379 840 1599 882 Stanleius.

133 912 161 932 “
179 908 366 964 Reposui
388 910 530 950 ὄνοιτο.
563 908 809 966 Respondet
828 909 948 966 virgo
963 908 1184 965 quaestioni
1200 908 1309 966 regis
1326 908 1407 951 κατ’
1423 909 1572 963 ἔχθραν
1587 923 1599 958 ;

132 975 202 1017 Ob
230 975 371 1018 odium
403 992 576 1033 nempe;
610 992 706 1018 nam
735 976 829 1033 quis
857 977 1045 1018 dominos
1077 977 1332 1033 vituperaret
1362 977 1433 1033 qui
1466 984 1602 1018 essent

131 1043 284 1085 amici?
317 1045 457 1095 Quum
479 1043 569 1086 illos
588 1044 816 1102 fugiamus,
834 1044 1022 1102 sequitur
1040 1045 1138 1086 odio
1158 1045 1278 1086 nobis
1296 1047 1421 1086 esse.''
1443 1046 1602 1087 BOIS-

135 1111 262 1152 SON.
294 1112 433 1154 ὠνοῖτο
466 1113 603 1154 Turn.
635 1113 806 1170 scripsit.
839 1114 978 1155 ὥνοιτο
1008 1113 1112 1155 Ald.
1141 1113 1252 1155 Rob.
1287 1113 1433 1170 Steph.
1470 1114 1601 1155 ὄνοιτο

133 1178 402 1220 Robortellus
437 1180 578 1236 posuit
617 1180 657 1222 in
696 1182 888 1223 lemmate
928 1181 1205 1223 annotationis
1246 1182 1406 1222 “Nota
1446 1195 1601 1222 morem

131 1247 293 1289 emendi
318 1262 506 1304 sponsae,
536 1249 586 1290 de
615 1263 695 1306 quo
723 1249 936 1305 Vergilius
965 1250 1092 1290 etiam
1121 1250 1228 1290 libro
1251 1262 1289 1290 Ι.
1320 1250 1475 1306 Georg.
1507 1264 1598 1290 eum

131 1315 210 1366 ait,
238 1316 378 1372 Teque
394 1317 475 1357 sibi
489 1331 699 1374 generum
725 1317 884 1373 Tethys
904 1323 1013 1357 emat
1032 1317 1223 1358 omnibus
1243 1317 1419 1358 uudis.''
1440 1316 1599 1368 calami,

134 1392 182 1424 ut
201 1382 379 1434 videtur,
401 1384 534 1440 lapsu.
566 1385 677 1425 Nam
699 1383 912 1425 annotatio
934 1383 1150 1425 manifeste
1170 1384 1224 1425 ad
1246 1385 1385 1427 ὠνοῖτο
1406 1385 1598 1427 refertur.

133 1451 315 1492 Omnino
349 1466 495 1492 verum
529 1461 592 1493 est
627 1453 773 1494 ὄνοιτο.
824 1451 1098 1493 Homericum
1135 1452 1218 1494 Od.
1254 1453 1295 1504 8,
1330 1453 1425 1496 208.
1462 1454 1521 1497 τίς
1552 1453 1603 1495 ἂν

133 1518 314 1573 φιλέοντι
331 1517 498 1573 μάχοιτο
519 1519 775 1576 comparavit
792 1519 1152 1561 Wordsworthus.

188 1596 286 1642 337.
309 1586 444 1641 οὕτως]
465 1587 563 1628 οὕτω
587 1588 724 1628 Turn.
748 1586 894 1644 Steph.

191 1654 589 1710 σθένος-βροτοῖς]
639 1656 703 1696 At
753 1654 948 1711 equidem
989 1655 1250 1712 patruelibus
1289 1656 1436 1697 vestris
1484 1656 1604 1698 facile

132 1722 316 1779 ignosco,
337 1722 452 1778 quod
482 1722 649 1778 nuptias
669 1731 826 1764 vestras
853 1734 1156 1776 consectentur,
1176 1725 1239 1765 ita
1268 1725 1379 1765 euim
1407 1725 1537 1767 robur
1566 1731 1605 1767 et

133 1804 227 1847 opes
246 1796 462 1846 augentur
482 1791 739 1831 mortalibus.
774 1791 906 1832 SCH.

191 1858 291 1914 338.
323 1858 386 1899 καὶ
406 1859 707 1911 δυστυχούντων
727 1857 764 1911 γ’
788 1858 954 1912 εὐμαρὴς
973 1859 1222 1915 ἀπαλλαγή]
1252 1859 1383 1902 Stanl.
1403 1860 1605 1918 interpre-

135 1934 272 1967 tatur:
305 1925 456 1966 Etiam
485 1925 723 1981 iufi’licibus
735 1927 877 1980 fizcile
903 1927 1120 1968 toleranda
1143 1941 1254 1969 mors
1274 1933 1349 1969 est.
1409 1930 1474 1970 At
1494 1929 1604 1970 enim

136 1993 225 2034 haec
245 1992 445 2034 sententia
467 2007 635 2048 prorsus
662 1992 764 2033 nihil
782 1992 922 2043 habet,
944 1993 1058 2049 quod
1089 1995 1144 2036 ad
1172 1995 1419 2037 antecedens
1439 1996 1605 2053 Pelasgi

136 2060 293 2102 dictum
314 2059 529 2117 pertineat.
590 2061 686 2102 Imo
706 2060 845 2117 potius
866 2061 942 2102 hoc
963 2061 1110 2103 dicunt
1130 2061 1306 2118 puellae:
1341 2065 1405 2104 Et
1425 2065 1478 2104 ab
1497 2066 1606 2120 iufe-

65 2149 72 2155 ·
135 2129 284 2170 licibus
314 2128 639 2185 quide-mfizcilis
675 2136 736 2171 est
765 2130 997 2177 discessus,·
1039 2129 1081 2171 h.
1113 2146 1148 2172 e.
1187 2130 1292 2187 ipso,
1326 2132 1442 2188 quod
1486 2132 1605 2174 nobis

135 2195 261 2237 modo
280 2195 445 2247 dedisti,
465 2211 660 2252 responso
681 2197 778 2238 satis
798 2197 1027 2249 ostendisti,
1050 2197 1151 2239 nihil
1172 2198 1335 2241 facilius
1354 2215 1456 2252 esse,
1476 2215 1604 2257 quam

135 2263 321 2306 homines
339 2262 533 2314 infelices,
555 2278 676 2319 opem
708 2274 750 2305 et
779 2264 981 2306 auxilium
1013 2274 1215 2321 petentes,
1237 2268 1503 2310 excusatione
1533 2268 1605 2311 ali-

138 2347 224 2387 qua
252 2330 308 2372 sic
337 2330 560 2382 dimittere,
584 2340 631 2372 ut
662 2340 701 2372 te
732 2333 945 2389 suppetias
973 2332 1022 2375 iis
1050 2334 1211 2375 ferendi
1240 2335 1374 2376 officio
1405 2336 1603 2378 exsolvas.

138 2399 301 2454 Nempe
321 2413 415 2439 cum
438 2398 648 2440 Danaides
674 2399 866 2455 iniquum
888 2415 974 2442 esse
995 2416 1037 2442 se
1057 2401 1266 2458 patrueles
1297 2418 1393 2444 suos
1414 2403 1604 2445 dominos

138 2481 272 2507 emere
310 2466 666 2521 pronuntiassent,
706 2482 781 2508 rex
829 2467 931 2508 nihil
980 2467 1094 2510 aliud
1144 2470 1435 2526 respondebat,
1475 2486 1603 2528 quam

140 2531 320 2588 AEgypti
356 2531 449 2573 filiis
488 2532 566 2574 hoc
604 2533 656 2574 ad
697 2534 910 2591 augendas
948 2551 1048 2592 opes
1085 2536 1346 2578 conducibile
1386 2554 1485 2580 esse.
1548 2539 1604 2581 Id

138 2599 268 2656 igitur
314 2599 370 2640 sic
417 2599 625 2655 accipiunt
663 2601 891 2652 Danaides,
931 2603 1049 2658 quasi
1088 2619 1161 2644 rex
1199 2605 1383 2661 AEgypti
1422 2606 1603 2647 filiorum

138 2666 356 2724 postulatis
389 2666 593 2708 calculum
625 2667 807 2723 adjiciat,
838 2683 1066 2726 causasque
1099 2670 1308 2726 anquirat,
1339 2672 1604 2715 Danaidibus

139 2734 338 2776 auxilium
360 2733 616 2790 denegandi;
649 2734 693 2775 id
717 2734 846 2791 igitur
865 2735 1034 2778 moleste
1063 2737 1242 2779 ferentes
1261 2741 1407 2781 acerbe
1436 2755 1604 2797 respon-

139 2801 262 2843 dent:

370 2869 432 2910 καὶ
452 2869 749 2924 δυστυχούντων
769 2868 805 2922 γ’
830 2870 996 2924 εὐμαρὴς
1017 2872 1246 2926 ἀπαλλαγή.

826 2949 855 2989 4
876 2951 902 2978 G
