1962 3224
579 167 669 208 AD
700 166 1142 208 CHOEPHORAS.
1511 166 1592 211 491

189 280 284 335 805.
307 280 409 320 Post
428 277 534 320 τέκοι
551 287 754 336 punctum
777 288 969 336 ponatur.
1033 276 1275 326 Scholiasta,
1296 274 1596 329 Ἀγαμέμνονος

131 349 153 389 ὁ
183 346 352 391 παλαιὸς
380 348 504 401 φόνος
531 347 583 400 μὴ
609 347 847 404 συγχωρήσῃ
877 345 1006 400 φόνον
1032 348 1086 401 τῷ
1109 344 1284 398 Ὀρέστῃ
1309 346 1499 398 τεχθῆναι
1533 347 1597 386 διὰ

131 414 201 456 τὸν
221 417 348 468 φόνον
365 414 570 469 Ὀρέστου.

190 483 426 525 806—811.
450 484 603 525 Versus
618 481 1001 540 epiphthegmatici,
1022 482 1237 538 repetendi
1267 489 1362 539 post
1383 481 1597 537 stropham

129 550 379 606 proximam,
400 551 473 593 ubi
502 551 658 594 librarii
688 551 902 593 brevitatis
922 566 1066 593 caussa
1086 551 1226 594 denuo
1246 551 1423 593 scribere
1452 549 1598 591 omise-

131 628 241 660 runt.

191 689 286 730 806.
317 690 408 731 τόδε
429 690 494 744 (τὸ
515 693 558 731 δε
579 689 707 741 Rob.,
728 688 799 730 sed
821 691 865 731 δε
886 688 972 731 sine
995 690 1188 744 accentu)
1223 693 1351 732 καλῶς
1383 687 1597 744 κτάμενον]

134 757 245 798 Haec
274 767 491 815 utcunque
520 758 699 815 explicat
729 756 959 808 scholiasta,
986 760 1050 800 διὰ
1078 761 1193 800 τοῦτο
1223 758 1268 800 τὸ
1291 761 1420 801 καλῶς
1445 758 1600 810 ἀναιρε-

133 827 367 878 θησόμενον·
398 826 513 881 λέγει
532 829 576 869 δὲ
595 826 640 868 τὸ
662 828 757 879 αἷμα
777 830 846 868 τοῦ
867 827 1074 880 Αἰγίσθου.
1128 832 1157 851 “
1177 826 1452 868 Scribendum
1483 825 1529 866 τὸ
1558 826 1601 866 δὲ

135 897 263 937 καλῶς
282 894 463 947 κτίμενον
483 893 513 936 ὦ
531 894 637 949 μέγα
652 895 773 936 ναίων
793 895 970 946 στόμιον.
1007 894 1086 936 Vix
1107 910 1214 951 opus
1234 904 1296 937 est
1316 905 1365 937 ut
1386 892 1601 936 Homerici

133 962 362 1014 ἐϋκτίμενον
389 964 723 1005 admoneamus.''
755 963 1173 1005 BAMBERGER.
1197 963 1241 1004 in
1272 961 1603 1005 Zimmermanni

134 1028 281 1071 Diario
300 1045 338 1071 a.
364 1031 484 1087 1836.
507 1047 547 1088 p.
568 1032 667 1087 566.

193 1096 289 1150 807.
311 1099 490 1154 στόμιον]
523 1101 580 1141 Os
603 1100 821 1156 speluncae.
854 1099 1043 1157 Hesych.
1066 1100 1239 1152 Στόμια;
1272 1099 1474 1154 χάσματα.
1527 1101 1603 1141 So-

134 1163 270 1221 phocl.
301 1167 408 1209 Ant.
433 1170 553 1212 1216.
583 1167 708 1222 ἁρμὸν
735 1169 918 1222 χώματος
946 1171 1171 1220 λιθοσπαδῆ
1203 1169 1354 1212 Δύντες
1379 1168 1479 1221 πρὸς
1509 1168 1602 1210 αὐτὸ

135 1233 310 1285 στόμιον.
371 1235 582 1278 Heathius
602 1236 680 1278 hoc
695 1246 804 1278 recte
823 1237 876 1279 ad
899 1236 1142 1294 Apollinem
1163 1236 1304 1287 refert,
1327 1236 1401 1293 qui
1432 1237 1602 1293 spelun-

133 1315 223 1342 cam
254 1302 432 1360 Delphis
460 1303 678 1347 insidebat.
741 1306 862 1347 Infra
882 1317 982 1362 940.
1010 1304 1139 1359 μέγαν
1166 1305 1272 1359 ἔχων
1295 1304 1424 1359 μυχὸν
1444 1306 1603 1359 χθονός.

137 1370 288 1412 Strabo
309 1371 363 1412 de
387 1372 555 1414 oraculo
574 1373 782 1430 Delphico
809 1387 850 1428 9.
873 1389 911 1431 p.
934 1375 1032 1427 641.
1063 1375 1320 1427 ὑπερκεῖσθαι
1349 1375 1392 1414 δὲ
1422 1376 1491 1414 τοῦ
1513 1390 1604 1414 στο-

133 1438 224 1489 μίου
243 1439 406 1492 τρίποδα
423 1442 596 1495 ὑψηλόν.
629 1442 861 1484 BLOMF.
912 1444 980 1484 De
1000 1443 1112 1484 Orco
1131 1442 1337 1484 intellexit
1358 1440 1590 1484 scholiasta.

195 1506 291 1549 808.
313 1508 478 1564 ἀνιδεῖν]
505 1508 555 1551 ἂν
576 1511 674 1552 ἰδεῖν
694 1510 805 1552 Rob.

193 1575 352 1633 ἀνδρός]
377 1577 550 1619 Orestis.

194 1643 289 1685 810.
312 1645 467 1687 Versus
486 1645 770 1702 interpolatus.
815 1646 846 1688 τ’
868 1646 1033 1688 addunt
1057 1648 1195 1688 Turn.
1219 1646 1383 1703 steph„
1404 1646 1604 1688 omittunt

135 1710 229 1753 libri
244 1711 405 1769 reliqui.

195 1780 291 1820 811.
322 1782 473 1833 ὄμμασι
498 1783 711 1837 δνοφερὰς]
745 1784 918 1836 ὄμμασιν
948 1785 991 1824 ἐκ
1021 1785 1219 1837 δνοφερᾶς
1248 1784 1521 1823 Hermannus
1550 1781 1605 1823 ad

139 1848 278 1904 Viger.
309 1863 352 1905 p.
381 1858 476 1904 779.
522 1850 745 1892 Schutzius
777 1850 953 1893 contulit
988 1867 1028 1893 v.
1055 1865 1127 1906 49.
1154 1850 1352 1902 Ἀνήλιοι,
1383 1855 1605 1904 βροτοστυ-

138 1920 222 1970 γεῖς
246 1914 254 1972 Ι
280 1917 421 1970 δνόφοι
442 1919 684 1960 καλύπτουσι
703 1920 843 1971 δόμους
868 1918 874 1976 Ι
902 1923 1104 1961 δεσποτῶν
1126 1919 1347 1960 θανάτοισι.
1372 1919 1604 1960 BLOMF.

141 1983 386 2026 Genitivum
406 1984 508 2041 legit
527 1986 756 2038 scholiasta,
778 1986 852 2043 qui
872 1987 1008 2028 verbis
1028 1991 1097 2028 τοῦ
1120 1986 1284 2030 σκότους
1303 1986 1497 2044 explicat.

199 2052 295 2095 812.
317 2052 531 2109 ξυλλάβοι]
565 2054 763 2107 ξυμβάλοι
784 2054 928 2096 Guelf.
959 2070 985 2096 a
1012 2070 1065 2096 m.
1097 2070 1163 2112 pr.
1186 2063 1228 2096 et
1249 2055 1360 2096 Rob.
1407 2054 1606 2107 ξυμλάβοι

141 2119 286 2162 Guelf.
306 2136 332 2162 a
350 2129 578 2163 correctore
597 2131 640 2164 et
658 2122 763 2164 Ald.

197 2187 252 2245 δ’]
294 2188 568 2231 scribendum
601 2189 633 2232 δ’
670 2190 720 2234 ἂν
757 2205 854 2232 cum
887 2190 1162 2232 Lachmanno
1200 2190 1254 2232 de
1287 2190 1402 2233 chor.
1439 2199 1605 2247 system.

138 2271 182 2314 p.
205 2259 272 2312 76.

197 2325 297 2382 813.
338 2327 645 2382 ἐπιφορῶτατος]
686 2326 834 2369 Lectio
866 2327 1026 2369 vitiosa.
1078 2328 1165 2369 ἐπεὶ
1202 2327 1443 2381 φορώτατος,
1479 2342 1608 2384 quum

135 2409 339 2451 prospero
375 2401 415 2437 et
448 2397 626 2438 violento
648 2398 769 2453 flatu
785 2396 987 2452 stratur,
1021 2410 1089 2438 res
1128 2396 1333 2438 secundas
1372 2397 1609 2449 concedens,

142 2462 368 2519 Emperius
381 2463 495 2520 apud
512 2464 842 2521 Bambergerum
857 2464 899 2505 in
917 2464 1246 2506 Zimmermanni
1263 2463 1410 2506 Diario
1425 2480 1462 2506 a.
1482 2466 1606 2521 1836.

141 2544 186 2586 p.
217 2531 318 2585 566.
358 2532 675 2585 ἐπιφθορῶτατος
705 2533 990 2574 Hermannus.
1033 2537 1062 2557 “
1082 2533 1399 2585 ἐπιφθορῶτατος
1428 2533 1482 2574 de
1515 2549 1610 2589 per-

142 2597 247 2640 nicie
268 2598 597 2655 Clytaemnestrae
612 2610 654 2641 et
674 2599 875 2656 AEgistho
894 2599 1112 2641 inferenda
1136 2599 1402 2655 capiendum.
1452 2599 1609 2656 Vulga-

143 2676 232 2708 tum
270 2668 562 2721 ἐπιφορῶτατος
598 2667 718 2709 facile
757 2683 799 2709 se
838 2676 1042 2718 tueretur,
1077 2667 1203 2708 modo
1238 2677 1371 2708 metro
1411 2667 1610 2724 strophici

141 2737 391 2778 conveniret.
437 2737 639 2778 Attamen
671 2737 762 2793 ejus
792 2736 906 2777 notio
928 2736 1016 2792 jam
1053 2735 1094 2775 in
1138 2734 1280 2788 πρᾶξιν
1316 2736 1452 2789 οὐρίαν
1483 2740 1611 2778 τελῶν

142 2804 437 2861 comprehensa
469 2805 568 2846 est.”
601 2805 734 2846 SCH.
800 2804 1028 2857 φορώτατος
1060 2802 1162 2860 legit
1194 2803 1424 2852 scholiasta,
1461 2805 1512 2848 ὡς
1546 2804 1611 2846 ε’πὶ

143 2872 290 2926 ἀνέμου
311 2873 434 2920 εἶπεν,
457 2873 543 2914 ἀντὶ
563 2876 632 2913 τοῦ
651 2873 928 2926 λογικώτατος.

203 2955 301 3009 814.
323 2955 468 3011 θέλων]
490 2944 610 2999 θέλὲν
631 2957 696 2997 Μ.
728 2959 856 2997 τελῶν
878 2953 1136 2996 Schuetzius.

810 3025 835 3068 3
861 3027 890 3056 Q
911 3024 936 3055 2
