1962 3224
522 179 611 221 AD
644 177 1087 220 CHOEPHORAS.
1455 173 1540 218 473

67 292 193 334 trium
235 291 486 350 syllabarum
527 291 738 333 defectum
778 299 872 347 post
911 290 1164 342 παντόλμους
1197 288 1372 339 notavit,
1408 303 1534 344 quem

66 359 291 418 repetendo
311 359 457 413 ἔρωτας
476 358 673 417 explevit.

121 429 220 483 598.
236 426 390 484 ἄταισι]
413 428 546 469 ἄταισι
567 429 608 468 αἶ
629 427 739 468 Rob.
773 427 874 467 Post
893 429 1049 479 βροτῶν
1069 424 1234 481 signum
1250 424 1535 481 interrogandi

64 505 260 553 ponatur,
281 494 450 536 tollatur
471 510 569 536 vero
590 504 683 551 post
704 495 908 546 ὁμαυλίας.
964 493 1135 534 Monuit
1158 493 1384 534 Heathius.

121 574 223 619 599.
245 561 278 604 θ’
304 563 450 619 Steph.
482 561 514 602 τ’
537 562 647 604 Rob.
671 563 812 603 Turn.
847 561 1123 603 Scribendum
1140 560 1172 602 δ’
1189 576 1283 603 cum
1303 562 1370 604 Μ.
1389 561 1533 603 Guelf.

65 631 169 674 Ald.

124 702 221 742 600.
253 700 470 755 ἀπέρωτος]
504 699 568 742 ἀπ’
597 699 740 753 ἔρωτος
771 699 835 739 Μ.
862 696 965 739 Ald.
995 696 1106 738 Rob.
1139 697 1329 754 Hesych.
1356 697 1533 752 Ἀπερω-

65 769 164 813 πόςτ
197 768 470 822 ἀπάνθρωπος.
502 768 577 809 ubi
599 768 770 809 Kuster.
801 770 832 791 “
847 765 972 807 conf.
993 765 1181 822 Etymol.
1205 766 1271 808 M.
1294 781 1335 807 v·
1356 765 1535 820 Ἀπερω-

66 837 155 878 πόν.
207 836 342 894 Apud
384 836 577 893 AEschyl.
620 834 810 891 Choeph.
842 834 942 888 598.
983 833 1138 889 legitur
1171 833 1385 887 ἀπέρωτος,
1422 835 1539 891 quod

65 904 275 946 scholiast.
295 905 594 962 interpretatur
624 904 805 958 στυγνὸς,
835 902 1103 956 ὑπερήφανος.
1155 902 1344 959 Etymol.
1363 903 1539 958 Ἀπερω-

66 972 146 1014 πὸν
164 972 306 1014 itidem
327 974 627 1030 interpretatur
647 973 836 1025 στυγνόν.
868 972 933 1013 Ut
948 970 1124 1027 proinde
1139 970 1203 1012 vel
1224 971 1338 1028 apud
1357 972 1539 1030 AEsohy-

66 1039 155 1081 lum
186 1040 450 1082 scribendum
472 1039 663 1082 videatur
684 1039 903 1092 ἀπερωπός,
926 1037 992 1080 vel
1021 1038 1136 1095 apud
1166 1038 1354 1096 Etymol.
1376 1050 1417 1082 et
1446 1041 1537 1082 He-

67 1107 184 1165 sych.
215 1108 437 1162 Ἀπέρωτος
468 1123 546 1164 pro
574 1107 815 1160 Ἀπερωπός.
878 1106 970 1148 Nisi
1001 1116 1140 1148 tamen
1172 1116 1401 1164 utrumque
1421 1108 1541 1151 vitio-

69 1191 162 1218 sum
194 1176 246 1218 sit
274 1185 317 1217 et
347 1175 557 1217 detortum
591 1190 644 1216 ex
674 1173 914 1228 Ἀγέρωχος,
946 1174 1061 1230 quod
1096 1174 1205 1216 idem
1237 1175 1468 1232 significare
1492 1193 1542 1219 ac

68 1244 322 1298 ’ὑπερήφανος
340 1252 485 1285 notum
508 1243 607 1284 est.''
654 1243 706 1284 In
730 1242 945 1299 Hesychio
964 1242 1166 1296 ἀπέρωτος
1186 1244 1363 1286 restituit
1385 1259 1437 1286 ex
1462 1245 1542 1287 hoc

71 1312 163 1355 loco
185 1311 233 1353 L.
257 1313 365 1353 Bos:
399 1310 469 1352 sed
491 1310 670 1356 frustra:
706 1309 800 1351 vide
824 1309 1112 1367 Phrynichum
1142 1326 1211 1368 ap.
1233 1311 1415 1354 Bekker.
1437 1328 1479 1369 p.
1501 1314 1542 1364 8,

73 1382 114 1424 8.
161 1382 405 1438 Oxymoron
427 1379 630 1435 tragicum
653 1387 715 1420 est
735 1377 935 1431 ἀπέρωτος
966 1379 1075 1432 ἔρως,
1099 1387 1147 1420 ut
1166 1378 1292 1433 γάμος
1321 1381 1475 1434 ἄγαμος
1503 1391 1545 1423 et

70 1449 235 1492 similia.
295 1450 451 1490 Sensus
469 1456 546 1498 est,
568 1447 700 1489 Amor
720 1460 802 1488 non
824 1446 1042 1503 legitimus
1067 1447 1262 1489 muliebri
1291 1449 1434 1491 animo
1463 1452 1542 1492 im-

64 1532 242 1576 perans,
283 1517 390 1559 male
427 1516 560 1558 vincit
595 1514 863 1571 conjugalem
901 1515 1148 1558 societatem.
1181 1516 1416 1559 BLOMF.
1476 1519 1546 1560 De

72 1587 208 1628 forma
228 1584 420 1642 adjectivi
441 1600 482 1625 v.
506 1582 693 1625 Lobeck.
716 1581 899 1639 Paralip.
920 1598 963 1639 p.
983 1583 1078 1638 258.

133 1657 231 1710 603.
260 1653 494 1708 ὑπόπτερος]
532 1650 774 1701 Scholiasta,
799 1652 821 1692 ὁ
851 1651 904 1704 μὴ
933 1655 1092 1705 κοῦφος,
1115 1651 1206 1694 ἀλλ’
1229 1654 1385 1706 ἀληθῶς
1403 1659 1546 1708 μαθεῖν

75 1721 220 1764 θέλων.
251 1721 485 1774 ὑποπτέροις
501 1721 637 1761 Turn.
655 1718 800 1775 Steph.
822 1733 875 1760 ex
891 1718 997 1760 alius
1015 1719 1243 1762 scholiastae
1264 1723 1544 1776 annotatione,

75 1789 302 1844 γινωσκέτω
331 1788 364 1830 δ’
393 1790 414 1829 ὁ
444 1787 665 1831 παιδευθεὶς
693 1787 768 1840 οὐχ
798 1786 1031 1841 ὑποπτέροις
1060 1791 1281 1842 φροντίσιν·
1313 1790 1408 1848 ἵν’ῇ
1437 1793 1482 1834 τὸ
1504 1793 1547 1838 ὃς

75 1857 336 1901 ὑποτακτικὸν
355 1857 445 1898 ἀντὶ
463 1859 532 1897 τοῦ
554 1857 575 1896 ὁ
595 1857 866 1909 προτακτικοῦ.

136 1927 235 1976 604.
257 1923 384 1980 δαεὶς]
408 1922 592 1980 Hesych.
618 1923 765 1965 Δαείςε
796 1924 946 1974 μαθών.
997 1923 1182 1966 Verbum
1206 1926 1431 1982 poeticum,
1453 1929 1546 1970 Ho—

77 2008 194 2034 mero
224 1992 548 2048 frequentatum.
595 1989 795 2031 Eustath.
828 1989 870 2030 in
903 1990 987 2032 Od.
1019 1996 1069 2034 Δ.
1110 2007 1153 2049 p.
1182 1996 1301 2049 1506,
1329 2007 1393 2038 12·
1424 1994 1469 2036 τὸ
1502 1997 1546 2037 δὲ

76 2063 231 2112 ἴδμεναι
262 2059 326 2100 καὶ
352 2058 397 2099 τὸ
425 2060 565 2110 δαῆναι
591 2057 784 2111 διαφέρει.
817 2059 971 2110 ἴδμεναι
989 2061 1065 2111 μὲν
1084 2062 1173 2114 γὰρ,
1197 2061 1241 2102 τὸ
1266 2063 1423 2104 οἴκοθεν
1444 2064 1544 2105 εἰδέ-

80 2141 158 2169 ναι·
191 2129 329 2178 δαῆναι
349 2127 404 2173 δὲ,
427 2125 472 2166 τὸ
495 2126 698 2179 ἑτέρωθεν.
732 2125 925 2181 Sophocl.
947 2125 1016 2168 El.
1042 2128 1138 2168 168.
1158 2128 1179 2167 ὁ
1203 2130 1246 2169 δὲ
1265 2129 1431 2172 λάθεται
1457 2131 1464 2188 Ι
1490 2133 1545 2174 ὧν

80 2193 112 2235 τ’
136 2193 262 2242 ἔπαθ’,
287 2195 342 2235 ὧν
362 2192 394 2234 τ’
417 2193 525 2245 ἐδάη,
547 2208 640 2250 quae
657 2193 807 2235 didicit
825 2206 878 2233 ex
898 2194 1075 2234 nunt-iis.
1108 2194 1342 2239 BLOMF.

136 2263 235 2317 605.
255 2261 518 2318 παιδολύμας]
543 2260 816 2302 scribendum
838 2262 1094 2315 παιδολυμάς.

140 2328 332 2384 Θεστιὰς]
372 2327 544 2370 Althaea
592 2328 757 2380 scilicet,
796 2328 956 2370 Thestii
994 2341 1036 2371 et
1074 2331 1394 2386 Eurythemidis
1437 2341 1547 2376 nata.

86 2395 370 2453 Apollodorus
396 2410 432 2446 1,
457 2396 495 2437 8.
518 2395 711 2449 ἐγέννησε
732 2398 774 2438 δὲ
792 2396 965 2438 Ἀλθαία
994 2401 1117 2439 παῖδα
1148 2397 1195 2449 ἐξ
1215 2399 1367 2443 Οἰνέως
1387 2401 1549 2443 Μελέα-

83 2481 194 2518 γρον,
217 2463 264 2506 ὃν
285 2465 327 2515 ἐξ
341 2462 485 2516 Ἀρεος
503 2466 746 2516 γεγενῆσθαι
765 2467 881 2518 φασί.
914 2466 1052 2508 τούτου
1073 2468 1116 2508 δὲ
1137 2468 1251 2511 ὄντος
1264 2468 1419 2521 ἡμερῶν
1435 2471 1547 2519 ἑπτὰ,

84 2532 411 2584 παραγενομένας
430 2532 501 2573 τὰς
521 2531 676 2584 Μοίρας
703 2532 830 2584 φασὶν
851 2535 990 2583 εἰπεῖν,
1011 2535 1114 2575 Τότε
1140 2535 1369 2587 τελευτήσει
1389 2536 1551 2579 Μελέα-

85 2616 191 2653 γρος,
229 2599 324 2639 ὅταν
355 2599 377 2638 ὁ
404 2598 613 2649 καιόμενος
647 2600 712 2640 ἐπὶ
743 2602 809 2651 τῆς
841 2600 1015 2654 ἐσχάρας
1046 2601 1170 2644 δαλὸς
1205 2606 1390 2659 κατακαῇ.
1435 2608 1550 2646 τοῦτο

83 2667 304 2712 ἀκούσασα,
341 2664 410 2706 τὸν
440 2665 566 2706 δαλὸν
596 2666 777 2708 ἀνείλετο
807 2667 993 2715 Ἀλθαία,
1034 2669 1097 2709 καὶ
1134 2669 1319 2710 κατέθετο
1362 2673 1417 2714 εἰς
1450 2672 1549 2725 λάρ-

84 2733 410 2776 vana—Postea
430 2731 593 2772 Thestii
623 2731 711 2783 filii,
736 2749 846 2789 aegre
876 2735 1055 2776 ferentes
1083 2735 1173 2792 apri
1195 2735 1416 2792 Calydonii
1447 2752 1548 2779 exu-

86 2801 171 2843 vias
192 2799 406 2841 Atalantae
435 2798 541 2850 dari,
567 2799 852 2849 abstulerunt;
886 2803 1086 2855 ὀργισθεὶς
1114 2804 1157 2843 δὲ
1189 2803 1443 2858 Μελέαγρος,
1463 2806 1552 2849 τοὺς

85 2870 160 2920 μὲν
181 2868 356 2910 Θεστίου
375 2870 516 2911 παῖδας
536 2867 753 2916 ἀπέκτεινε,
777 2869 821 2910 τὸ
842 2870 886 2910 δὲ
905 2869 1022 2922 δέρας
1042 2869 1219 2912 ἀπέδωκε
1247 2874 1292 2927 τῇ
1311 2870 1551 2930 Ἀταλάντῃ.

87 2935 261 2978 Ἀλθαία
293 2937 336 2978 δὲ
366 2938 588 2986 λυπηθεῖσα
619 2936 682 2978 ἐπὶ
710 2937 758 2992 τῇ
788 2941 866 2979 τῶν
897 2938 1086 2990 ἀδελφῶν
1118 2939 1295 2995 ἀπωλείᾳ
1325 2941 1397 2982 τὸν
1428 2942 1554 2983 δαλὸν

782 3016 806 3058 3
832 3019 857 3046 ο
