1962 3224
626 164 716 206 AD
748 162 1147 204 EUMENIDES.
1537 159 1623 202 537

152 274 256 316 dum
290 274 510 327 σπέρματός
543 275 577 315 τ’
612 275 824 328 ἀποφθορᾷ
859 274 1011 314 παίδων
1043 274 1228 313 κακοῦται
1258 273 1423 325 χλοῦνις
1455 285 1507 310 ex
1541 270 1623 311 Er-

154 341 302 384 furdtii
326 341 394 395 (ad
417 342 546 399 Soph⁴
569 343 648 384 Tr.
667 343 781 397 145.)
803 339 1106 390 emendatione,
1129 349 1176 380 ut
1202 341 1369 393 χλοῦνις
1396 338 1623 395 accipiatur

153 424 231 465 pro
250 409 370 451 viridi
393 419 544 466 segete,
566 410 592 451 i.
613 427 654 467 q.
684 411 816 464 χλόη;
849 423 934 465 qua
964 423 1015 449 ex
1047 407 1205 449 ratione
1236 405 1516 463 pulcherrima
1546 422 1621 448 ex-

154 477 287 519 oritur
320 477 560 534 metaphora
591 492 823 535 puerorum
857 477 1152 518 castrationem
1185 474 1418 532 designans.
1485 475 1622 533 Vulgo

153 544 377 598 σπέρματος
394 544 425 586 τ’
447 546 686 599 ἀποφθοραὶ,
708 546 823 603 quod
849 544 903 586 de
932 543 1421 600 abortus-procuratione
1442 543 1622 586 violenta

154 612 356 655 intellexit
387 613 620 662 Stanleius;
653 623 695 655 et
725 616 845 655 κακοῦ
867 630 911 654 τε
929 614 1106 666 χλοῦνις,
1129 611 1243 668 quod
1263 610 1374 652 idem
1395 610 1436 651 in
1459 611 1556 664 κακή
1577 629 1620 653 τε

154 684 318 735 χλοῦνις
344 681 592 724 mutandum
619 682 824 729 censebat,
849 680 1118 736 vertebatque
1139 681 1305 722 testium
1325 681 1518 731 exsectio,
1540 680 1623 722 col-

153 748 238 790 lato
273 749 479 806 adjectivo
515 752 702 805 χλούνης,
733 749 848 807 quod
879 749 950 790 τὸν
981 749 1184 790 ἀπόκοπον
1214 763 1246 789 s.
1277 748 1347 790 τὸν
1375 749 1515 801 τομίαν
1546 752 1622 791 σῦν

154 816 483 874 interpretantur
502 818 775 876 grammatici.
809 818 941 860 SCH.

218 886 310 928 188.
347 891 467 929 κακοῦ
499 905 542 930 τε
573 893 736 943 χλοῦνις
772 889 908 929 Turn.
947 885 1090 942 Steph.
1132 888 1251 927 κακοῦ
1281 889 1488 929 τελλοῦνις
1518 886 1622 929 Ald.

157 960 340 998 κακοῦται
359 961 522 1012 χλοῦνις
543 958 609 998 M.
634 958 730 1000 Par.
754 955 897 998 Guelf.
919 954 1028 996 Rob.

213 1025 400 1081 ἀκρωνία]
452 1025 548 1067 Hoc
595 1023 845 1066 vocabulum
893 1021 996 1064 nihil
1046 1021 1160 1063 aliud
1211 1022 1442 1079 significare
1493 1038 1621 1079 quam

154 1092 351 1146 ἄθροισμα
380 1108 412 1134 s.
444 1094 674 1147 ἀθροισμὸν,
705 1095 867 1145 πλῆθος,
899 1106 951 1132 ex
980 1089 1246 1132 annotatione
1275 1089 1522 1142 scholiastae,
1543 1090 1622 1148 ,qui

158 1160 389 1203 Herodiani
416 1161 550 1203 utitur
577 1160 837 1211 auctoritate,
858 1159 1031 1216 aliisque
1060 1158 1306 1201 testimoniis
1334 1159 1624 1215 grammatico-

156 1244 250 1272 rum
281 1238 467 1272 constat:
504 1245 543 1272 v,
571 1230 757 1288 Hesych.
785 1230 933 1286 Etym.
956 1228 1021 1268 M.
1043 1242 1086 1284 p.
1106 1239 1179 1282 53‚
1200 1240 1272 1281 41.
1296 1226 1431 1269 Bekk.
1456 1227 1621 1270 Anecd.

156 1312 198 1353 p-
218 1309 318 1353 372,
342 1311 378 1341 2.
439 1299 509 1341 Ex
540 1314 625 1355 quo
654 1298 842 1355 sequitur
870 1295 1028 1353 aliquid
1060 1305 1153 1353 post
1181 1295 1294 1337 hunc
1318 1310 1484 1338 versum
1515 1296 1624 1338 exci-

152 1365 277 1417 disse,
298 1381 431 1423 quum
452 1382 533 1409 non
555 1377 753 1424 appareat
772 1367 893 1423 cujus
922 1364 992 1406 illa
1023 1379 1110 1406 esse
1138 1363 1407 1421 congregatio
1428 1380 1456 1407 s.
1481 1364 1623 1406 multi-

157 1433 261 1475 tudo
280 1434 456 1477 dicatur.

218 1503 312 1559 189.
342 1504 535 1560 λευσμόν]
564 1505 737 1557 λευσμός
767 1502 1052 1555 Casaubonus‚
1085 1511 1208 1553 recte,
1239 1501 1317 1543 nisi
1346 1502 1622 1559 praecedentis

155 1585 312 1624 versus,
349 1571 423 1629 qui
466 1571 632 1623 excidit,
672 1587 722 1613 ea
763 1571 846 1613 fuit
891 1570 1143 1613 constructio
1194 1579 1242 1612 ut
1289 1579 1400 1613 recte
1450 1570 1621 1612 haberet

155 1641 345 1693 λευσμόν.

217 1721 310 1763 190.
339 1709 416 1751 ὑπὸ
445 1709 563 1764 ῥάχιν
591 1708 800 1765 παγέντες]
821 1708 1176 1765 Antiquissimum
1209 1707 1286 1750 hoc
1315 1718 1378 1750 est
1398 1707 1620 1765 vestigium

156 1775 346 1833 supplicii
383 1776 639 1828 atrocissimi,
675 1788 716 1819 et
755 1792 806 1818 ex
847 1791 926 1818 usu
965 1776 1152 1833 gentium
1195 1776 1465 1818 humanitatis
1502 1776 1620 1819 cultu

157 1844 392 1887 florentium
421 1845 584 1888 dudum
615 1845 782 1897 sublati,
808 1844 927 1902 quod
956 1845 1117 1887 Gallice
1140 1846 1329 1902 empaler
1357 1845 1524 1896 dicitur,
1547 1845 1620 1887 ubi

155 1912 297 1970 stipite
326 1929 401 1970 per
430 1914 623 1956 obscoena
653 1913 880 1956 secundum
914 1913 1073 1970 spinam
1108 1913 1219 1955 dorsi
1255 1913 1403 1955 adacto
1433 1914 1621 1956 homines

157 1979 391 2023 immaniter
408 1981 710 2024 cruciabantur.
743 1983 875 2023 SCH.
923 1981 1144 2036 ὑπορράχιν
1164 1982 1231 2022 Μ.
1255 1981 1398 2023 Guelf.
1422 1983 1562 2023 Turn.

221 2061 315 2104 192.
343 2053 418 2093 πᾶς
441 2049 476 2091 δ’
496 2051 707 2104 ὑφηγεῖται
734 2052 877 2104 τρόπος
905 2050 1074 2106 μορφῆς]
1094 2050 1163 2091 Eo
1191 2063 1348 2106 quoque
1377 2051 1493 2092 ducit
1521 2054 1619 2093 uni-

157 2130 278 2157 versa
310 2119 463 2173 species
495 2120 584 2160 oris
618 2119 747 2160 vestri
780 2119 1045 2175 corporisque
1075 2119 1360 2172 conformatio.
1423 2119 1621 2162 Similiter

159 2183 375 2226 Vulcanus
400 2187 453 2241 τῷ
475 2185 619 2239 Κράτει
641 2186 795 2228 foedam
822 2186 981 2240 μορφὴν
1004 2186 1230 2244 exprobrat
1251 2187 1464 2229 Prometh.
1490 2203 1526 2229 v.
1550 2189 1616 2243 87.

157 2252 291 2294 SCH.

219 2333 312 2376 193.
332 2322 639 2378 αἱματορρόφου]
660 2324 926 2376 αἱματορόφου
946 2322 1057 2364 Rob.

220 2400 312 2443 195.
343 2390 565 2446 πλησίοισι]
591 2392 776 2442 πλησίοις
803 2391 867 2432 Μ.
892 2389 1036 2432 Guelf.
1058 2389 1162 2432 Ald.
1224 2392 1334 2434 Tam
1362 2391 1509 2434 inutile
1539 2391 1617 2434 hoc

157 2464 219 2496 est
238 2455 446 2512 epitheton
470 2467 518 2498 ut
536 2473 618 2498 non
639 2457 827 2500 dubitem
847 2459 947 2514 quin
969 2460 1198 2501 πλουσίοισι
1226 2460 1516 2517 corrigendum
1545 2461 1611 2514 sit,

158 2523 273 2580 quod
293 2524 466 2580 conjecit
486 2526 692 2567 Pauwius.

215 2592 438 2647 τρίβεσθαι]
460 2594 503 2634 ἐν
528 2595 774 2648 χρηστηρίοις
805 2596 1011 2649 τρίβεσθαι
1038 2595 1162 2646 μύσος
1191 2595 1348 2637 dictum
1381 2612 1458 2652 pro
1488 2598 1612 2649 ἐντρί-

158 2663 306 2711 βεσθαι
325 2677 388 2714 χρ.
409 2662 544 2712 μύσυς.
603 2662 663 2703 Et
683 2662 808 2703 schol.
829 2662 1000 2719 exponit
1019 2664 1346 2716 προστρίβεσθαι.
1379 2666 1509 2706 SCH.

214 2728 339 2778 μύσος
359 2728 494 2768 Turn.
517 2729 661 2785 steph.
680 2733 806 2782 μῦσος
826 2730 937 2772 Rob.
958 2735 1074 2782 μῖσος
1096 2730 1197 2772 Ald.
1500 2723 1502 2725 Ι

221 2805 315 2848 197.
337 2795 518 2852 εὐφιλὴς]
540 2797 708 2850 ἐμφιλὴς
728 2798 824 2839 Par.

217 2875 309 2917 199.
331 2863 462 2919 πέλει]
481 2863 584 2920 πέλῃ
602 2863 712 2905 libri.

215 2941 311 2973 200.
332 2931 404 2987 εἷς]
427 2932 698 2974 Scribendum
721 2933 778 2976 εἶς
796 2948 891 2975 cum
913 2935 1106 2976 Cantem.

847 3015 924 3057 3Y
