1962 3224
570 173 662 214 AD
693 171 1231 214 AGAMEMNONEM.
1555 171 1643 213 383

170 283 233 325 καὶ
255 286 306 340 τῷ
325 285 507 338 χαίροντι
526 283 767 338 ξυγχαίρειν.
791 284 1024 326 BLOMF.
1058 283 1230 325 Stobaei
1250 282 1469 324 lectionem
1490 283 1643 340 probat

171 351 445 393 Hermannus
463 351 601 393 deleto
621 353 699 394 καί.

227 419 518 475 ὁμοιοπρεπεῖς]
549 420 741 462 Similem
770 420 945 476 speciem
966 433 1065 475 prae
1090 432 1134 460 se
1144 419 1354 473 firentes.
1403 417 1525 460 Idem
1556 418 1643 460 fere

170 485 279 528 valet
299 497 426 544 atque
446 490 782 542 ὁμοιοπρόσωπος.
806 488 1041 529 BLOMF.
1074 486 1336 528 Vocabulum
1353 487 1406 528 ab
1421 487 1639 545 AEscbylo,

170 564 218 596 ut
239 555 419 607 videtur,
439 557 670 608 inventum,
694 566 741 599 ut
762 556 1031 610 λευκοπρεπής
1051 557 1166 613 Sept.
1188 571 1229 597 v.
1253 556 1320 610 89.

228 636 327 678 794.
348 624 556 678 ἀγέλαστα
585 627 780 679 πρόσωπα
808 641 860 667 ex
891 625 969 666 hoc
998 624 1090 666 loco
1108 622 1250 666 attulit
1268 623 1568 680 grammaticus
1596 624 1639 665 in

170 690 352 733 Bekkeri
383 693 549 734 Anecd.
573 709 616 750 p.
639 696 740 750 336,
760 706 830 749 30.
856 698 885 718 “
903 692 989 735 Hic
1019 701 1163 749 aperte
1192 691 1344 733 chorus
1363 691 1638 746 Clytaemnes-

169 769 276 801 tram
306 760 411 817 figit,
441 761 562 818 cujus
591 762 730 803 fictam
760 777 784 803 e
815 761 951 803 reditu
979 759 1311 818 Agamemnonis
1338 759 1522 801 laetitiam
1547 760 1639 817 jam

168 837 419 884 cognoverat
453 839 673 885 spectator,
707 839 749 871 et
780 829 908 887 paulo
942 839 1035 886 post
1068 829 1202 885 magis
1236 828 1361 870 etiam
1394 828 1640 885 cogniturus

168 897 295 937 erat.''
327 898 459 938 SCH.

225 965 470 1020 βιαζόμενοι]
492 965 714 1007 Notandus
731 965 883 1017 hiatus,
905 980 988 1006 non
1011 965 1182 1007 vitiosus
1200 964 1243 1005 in
1263 964 1346 1006 fine
1367 965 1593 1007 sententiae.

229 1042 327 1087 795.
362 1034 726 1087 προβατογνώμων,
758 1033 856 1090 quia
893 1048 965 1075 rex
1003 1048 1099 1075 cum
1135 1042 1316 1090 pastore,
1352 1033 1509 1074 subditi
1540 1049 1637 1076 cum

166 1099 316 1141 ovibus
344 1111 653 1157 comparantur,
675 1111 737 1143 est
764 1100 798 1143 is
820 1101 894 1158 qui
922 1102 1080 1143 civium
1109 1103 1288 1159 ingenia
1313 1108 1353 1143 et
1375 1116 1510 1144 mores
1539 1103 1639 1145 bene

167 1169 426 1210 internoscit.
461 1169 595 1210 SCH.

227 1238 322 1292 796.
346 1236 548 1279 Deleatur
567 1252 729 1279 comma
748 1247 842 1294 post
863 1240 995 1292 φωτός
1013 1238 1212 1295 positum.

227 1305 324 1359 798.
354 1305 509 1358 ὑδαρὴς,
530 1305 655 1362 Aqua
683 1306 856 1348 dilutus.
908 1307 1110 1364 Diphilus
1129 1307 1287 1349 Athen.
1315 1321 1379 1349 10.
1399 1323 1442 1364 p.
1459 1320 1560 1361 424.
1582 1309 1636 1350 F.

168 1373 314 1427 ἔγχεον
333 1373 384 1414 σὺ
405 1373 451 1425 δὴ
470 1377 587 1415 πιεῖν.
633 1374 908 1428 Εὖζωρότερόν
937 1392 998 1429 γε,
1027 1375 1076 1427 νὴ
1098 1376 1180 1424 Δί’,
1204 1375 1235 1417 ὃ
1263 1379 1349 1425 παῖ,
1379 1377 1457 1419 δός·
1489 1375 1534 1417 τὸ
1559 1378 1637 1430 γὰρ

165 1439 330 1494 ’Ύδαρὲς
358 1439 467 1482 ἅπαν
486 1440 586 1483 τοῦτ’
610 1442 695 1483 ἐστὶ
724 1445 770 1495 τῇ
796 1444 910 1497 ψυχῇ
935 1445 1068 1486 κακόν.
1114 1444 1291 1486 Aristot.
1315 1443 1411 1485 Pol.
1434 1456 1473 1486 2.
1495 1445 1638 1497 φιλίαν

165 1511 300 1563 ὑδαρῆ,
318 1519 366 1552 ut
381 1509 611 1567 AEschylus
629 1512 751 1564 ὑδαρῆ
771 1512 968 1565 φιλότητα
987 1513 1217 1554 amicitiam
1236 1527 1319 1554 mm
1335 1526 1493 1569 puram
1508 1526 1639 1569 neque

165 1592 338 1619 meram.
390 1579 500 1620 Haec
524 1578 685 1621 notavit
705 1580 757 1621 P.
780 1579 935 1621 Victor.
958 1581 1008 1622 V.
1033 1581 1084 1622 L.
1111 1594 1149 1631 1,
1180 1594 1244 1636 13.
1298 1581 1452 1622 Vocem
1482 1580 1639 1637 pariter

166 1646 367 1703 explicuit
388 1647 624 1689 Casaubon.
645 1647 699 1689 ad
721 1648 939 1705 Theophr.
966 1664 1008 1705 p.
1028 1661 1123 1704 245.
1145 1648 1324 1691 Aristot.
1346 1650 1467 1690 Poet.
1489 1648 1543 1690 ad
1563 1649 1637 1691 fin.

165 1717 292 1765 μῦθον
323 1716 446 1769 ὑδαρῆ
480 1725 600 1758 vocat
630 1715 816 1758 fabulam
850 1716 1090 1773 languidam
1125 1732 1174 1759 ac
1205 1717 1407 1764 dilutam;
1447 1716 1519 1758 ubi
1554 1717 1637 1759 vid.

169 1781 392 1839 Tyrwhitt.
419 1783 676 1841 Lycophron
705 1784 988 1827 Chalcidensis
1017 1800 1085 1842 ap.
1110 1785 1272 1827 Athen.
1298 1799 1362 1827 10.
1394 1801 1437 1842 p.
1460 1798 1560 1837 420.
1584 1787 1638 1828 Β.

167 1850 371 1904 κυλίχνιον
390 1851 544 1905 ὑδαρές.
595 1852 862 1909 Antiphanes
881 1868 923 1910 p.
946 1866 1046 1906 441.
1070 1855 1120 1895 C.
1143 1853 1224 1896 οὔθ’
1246 1855 1399 1907 ὑδαρὲς,
1422 1853 1500 1895 οὔτ’
1522 1855 1640 1908 ἄκρα-

167 1934 247 1959 τον.
280 1918 515 1961 BLOMF.

226 1985 324 2028 800.
354 1989 432 2041 γὰρ
463 1988 672 2044 ἐπικεύσω]
705 1989 837 2030 Metri
861 1989 1010 2031 vitium
1040 1989 1223 2031 correxit
1253 1990 1542 2047 Musgravius,
1562 1991 1638 2045 γάρ

167 2053 205 2096 σ’
229 2056 435 2097 ἐπικεύσω.
466 2057 543 2109 γὰρ
565 2057 769 2110 ἐπικρύψω
791 2058 1003 2099 Pauwius.

226 2124 322 2164 801.
343 2123 736 2180 ἀπομούσως-οὐδ’]
761 2123 987 2177 ἆπόμουσός
1006 2123 1182 2166 ’τ’-οὔτ’
1206 2124 1434 2166 Elmsleius
1463 2125 1516 2167 ad
1542 2127 1637 2167 Eu·

165 2191 245 2248 rip.
267 2190 386 2232 Med.
408 2203 504 2232 102.

226 2260 322 2315 803.
344 2260 534 2301 ἀκούσιον
555 2261 774 2302 Canterus.
806 2262 988 2303 ἑκούσιον
1009 2260 1116 2303 libri.
1148 2261 1296 2315 θάρσος
1317 2262 1499 2303 ἑκούσιον
1521 2262 1579 2303 Τ.

225 2329 322 2380 804.
353 2327 520 2381 ἀνδράσι
550 2329 631 2383 θν.]
666 2328 858 2382 ἀνδράσιν
879 2329 922 2370 εὖ
943 2332 1004 2371 θν.
1026 2330 1082 2371 Τ.
1116 2344 1168 2371 ne
1194 2345 1338 2371 versus
1367 2340 1474 2371 esset
1502 2345 1638 2387 paroe-

166 2395 336 2437 miacus.
389 2395 512 2437 Conf.
534 2395 588 2437 ad
609 2411 646 2437 v.
670 2396 766 2450 789.
790 2397 887 2438 806.

225 2465 327 2505 Post
347 2465 514 2516 κομίζων
531 2463 651 2506 colon
671 2475 867 2522 ponatur.

226 2532 324 2572 806.
363 2548 421 2575 τις
454 2540 516 2573 est
549 2531 593 2573 in
629 2533 684 2574 T.
721 2543 763 2574 et
799 2533 943 2590 Steph.
984 2549 1035 2575 ex
1076 2532 1394 2591 interpolatione
1431 2532 1636 2575 Triclinii.

168 2602 301 2642 Recte
319 2600 438 2642 abest
458 2600 512 2642 ab
533 2600 603 2642 Fl.

226 2671 383 2723 εὔφρων
411 2667 550 2725 πόνος]
580 2668 702 2714 πόνος
734 2671 788 2712 de
822 2670 1035 2712 laboribus
1060 2670 1230 2722 bellicis,
1259 2670 1414 2727 quibus
1439 2670 1528 2726 jam
1560 2670 1637 2711 de-

165 2737 299 2779 functi
320 2746 438 2779 erant
456 2737 606 2779 milites
624 2738 743 2794 capio
759 2755 771 2786 ;
804 2749 846 2781 et
865 2739 944 2780 hoc
960 2739 1085 2780 modo
1100 2739 1375 2795 interpretor:
1410 2737 1521 2780 Olim
1544 2737 1637 2793 qui-

167 2806 276 2857 dem,
298 2820 393 2847 cum
422 2804 577 2846 bellum
609 2806 874 2863 suscipiebas,
896 2807 1107 2864 ingratum
1138 2806 1243 2848 illud
1274 2806 1490 2857 militibus,
1512 2815 1638 2862 teque

166 2873 262 2915 ideo
290 2873 468 2915 invisum
497 2872 547 2914 iis
580 2872 707 2914 fuisse
740 2874 1032 2923 meminimus;
1063 2889 1296 2917 nunc‘vero
1328 2873 1529 2916 militibus
1557 2873 1636 2915 hoc
