1962 3224
555 169 646 210 AD
677 167 1219 210 AGAMEMNONEM.
1539 165 1624 209 365

210 285 309 335 408.
331 284 467 326 πολλὰ
488 281 699 324 Pauwius.
733 280 838 322 πολὺ
858 279 966 322 libri.

211 352 396 407 ἔστενον]
421 351 639 393 ἀνέστενον
660 348 727 391 Fl.

208 432 306 474 409.
328 418 430 476 τόδ’]
449 417 531 460 τάδ’
554 416 770 459 Butlerus.

205 487 420 543 προφῆται]
444 488 569 528 Vates
588 486 632 527 hi
663 495 760 527 sunt
780 494 894 527 vates
916 484 1119 542 Trojani:
1153 484 1247 526 dein
1269 484 1459 541 sequitur
1478 484 1621 527 vatici-

152 555 283 607 nium,
315 555 430 612 quod
464 554 628 596 Helena
646 553 909 605 adveniente,
942 552 1179 605 ediderunt,
1209 567 1342 610 usque
1373 553 1426 594 ad
1455 569 1493 593 V.
1518 554 1623 606 426.

154 624 393 665 MUSGR.

209 704 308 744 410.
331 692 375 733 ἰὼ
397 692 440 733 ἰὼ
462 694 571 744 δῶμα
591 691 716 746 δῶμα]
738 691 782 733 ἰὼ
803 693 912 743 δῶμα
931 689 999 732 Fl.

209 772 310 813 412.
329 772 428 815 413.
452 760 606 801 Versus
624 759 808 816 graviter
827 758 1027 815 corrupti.

208 839 308 881 412.
329 827 483 884 σιγᾶσ’]
508 831 625 882 σιγᾶς
647 830 702 870 Τ.

210 909 310 950 414.
332 895 614 952 ὑπερποντίας]
642 896 821 938 Helenae
841 910 939 952 quae
958 895 1113 937 fretum
1136 895 1369 952 trajecerat.
1413 896 1480 939 Sic
1506 899 1623 955 Epa-

154 965 265 1022 phus
285 965 439 1007 dicitur
453 964 589 1019 πόρτις
607 963 880 1020 ὑπερπόντιος,
903 963 1002 1020 quia
1018 974 1131 1005 trans
1150 979 1262 1005 mare
1282 964 1323 1006 in
1341 963 1532 1023 AEgypto
1547 977 1623 1017 est,

156 1033 306 1090 Suppl.
335 1046 406 1087 42.
458 1034 526 1075 De
556 1033 680 1075 rebus
716 1049 814 1075 vero
849 1032 1021 1090 ponitur
1052 1031 1275 1077 διαπόντιος
1306 1033 1452 1075 eodem
1488 1049 1623 1075 sensu.

155 1102 347 1159 Choeph.
368 1115 393 1157 3
397 1113 469 1157 50.
491 1103 718 1144 διαποντίου
738 1105 822 1156 γᾶς.
855 1100 1055 1158 Thucyd.
1081 1114 1118 1151 1,
1141 1114 1235 1153 141.
1255 1102 1443 1154 πολέμων
1463 1105 1624 1144 διαπον-

154 1171 259 1211 τίων.
290 1170 522 1211 BLOMF.
573 1170 837 1223 ὑπερποντίας
858 1169 914 1210 Τ.
945 1170 1044 1222 ὑπὲρ
1063 1169 1227 1212 ποντίας
1249 1170 1392 1226 Steph.

210 1239 310 1290 416.
333 1239 376 1279 δὲ
396 1236 463 1279 Fl.
488 1238 546 1278 T.
578 1239 655 1291 γὰρ
678 1236 825 1293 Steph.

213 1305 443 1362 κολοσσῶν]
477 1305 666 1362 Hesych.
705 1306 924 1346 Κολοσσοί.
956 1302 1171 1358 ἀγάλματα
1199 1305 1460 1359 ὑπερμεγέθη.
1492 1307 1623 1360 ἀνδρί·

154 1391 281 1418 αντες.
333 1374 401 1416 Sic
430 1374 517 1415 fere
545 1374 828 1430 Etymologus
857 1389 899 1431 p.
922 1383 1022 1429 525‚
1043 1374 1108 1414 16.
1139 1372 1213 1429 qui
1242 1373 1422 1415 facetum
1446 1375 1625 1416 veriver-

153 1441 270 1482 bium
291 1442 524 1491 subnectit;
557 1444 665 1496 παρὰ
686 1442 731 1483 τὸ
753 1443 936 1483 κολούειν
955 1443 1005 1483 τὰ
1025 1443 1133 1483 ὅσσα
1150 1443 1214 1482 διὰ
1234 1442 1279 1482 τὸ
1299 1442 1479 1496 μέγεθος,
1504 1444 1554 1487 ὡς
1572 1444 1626 1497 μὴ

155 1510 451 1564 ἐφικνουμένων
471 1515 549 1553 τῶν
571 1512 791 1565 ὀφθαλμῶν
812 1512 924 1564 ὁρᾶν.
957 1511 1054 1552 Ηοο
1074 1520 1212 1552 autem
1232 1511 1495 1562 vocabulum,
1514 1513 1626 1554 Ioni-

154 1594 265 1628 cum,
288 1588 336 1620 ut
356 1579 519 1636 opinor,
541 1579 617 1622 etsi
637 1578 963 1621 vetustissimum
994 1588 1069 1627 est,
1094 1578 1164 1620 vix
1195 1578 1294 1621 alibi
1324 1580 1438 1636 apud
1460 1581 1627 1623 Atticos

154 1647 344 1690 occurrit.
378 1648 593 1690 Theocrit.
618 1660 686 1699 22,
707 1659 779 1702 47.
801 1647 1056 1702 σφυρήλατος
1075 1648 1140 1688 οἶα
1160 1646 1373 1692 κολοσσός.
1417 1650 1625 1692 Herodot.

157 1729 195 1767 2,
227 1729 321 1772 130.
353 1715 502 1761 εἰκόνες
531 1720 609 1758 τῶν
639 1716 882 1759 παλλακέων
915 1720 994 1758 τῶν
1024 1717 1248 1769 Μυκερίνου
1275 1718 1628 1770 ἑστᾶσι-ξύλινοι

155 1785 363 1827 κολοσσοί.
398 1785 452 1826 cf.
482 1784 586 1827 ibid.
612 1798 706 1841 143.
733 1798 826 1841 153.
858 1786 1052 1826 κολοσσοὶ
1082 1784 1393 1839 δωδεκαπήχεες.
1432 1797 1526 1842 175.
1560 1805 1626 1829 κο-

154 1854 332 1898 λοσσοὺς
350 1853 561 1908 μεγάλους.
583 1863 625 1895 et
643 1869 742 1895 mox
763 1854 855 1907 176.
898 1855 966 1895 De
987 1853 1191 1895 sententia
1210 1853 1300 1895 haec
1320 1863 1438 1895 notat
1455 1855 1626 1897 Schutz.

156 1922 477 1964 “Probabiliter
506 1931 630 1979 poeta
654 1922 776 1978 fingit
798 1921 1042 1963 Menelaum
1075 1930 1232 1963 statuas
1262 1921 1456 1964 habuisse
1488 1924 1628 1964 uxoris

155 1989 483 2038 formosissimae;
517 1990 671 2046 quibus
690 1990 758 2032 ille
777 1990 947 2047 quidem
964 1989 1250 2031 delectabatur
1263 1991 1467 2046 quamdiu
1485 1992 1626 2034 vivum

155 2073 297 2100 earum
320 2058 536 2115 exemplar
565 2057 829 2115 possidebat3
856 2058 944 2115 jam
967 2073 1077 2109 vero,
1098 2057 1170 2099 illo
1198 2058 1274 2100 sibi
1302 2068 1462 2116 erepto,
1484 2075 1627 2102 earum

155 2135 414 2168 venustatem
436 2126 712 2168 fastidiebat.''
743 2127 978 2168 BLOMF.

211 2207 312 2248 417.
336 2194 448 2248 ἀνδρὶ
469 2194 536 2236 Fl.
565 2195 701 2248 τάνδρὶ
722 2196 778 2236 Τ.
802 2194 946 2252 Steph.

212 2276 313 2318 419.
335 2262 541 2319 ὀμμάτων]
564 2262 768 2314 Menelai,
787 2264 964 2305 Helenae
984 2262 1184 2319 adspectu
1206 2263 1396 2304 carentis.

212 2329 450 2386 Ἀφροδίτα]
473 2330 688 2385 Ἀφροδίτη
710 2332 747 2373 F
750 2331 778 2372 l.

212 2411 311 2452 420.
343 2399 868 2455 ὀνειρόφαντοι-ματαίαν]
906 2400 962 2440 In
994 2399 1170 2441 somn-iis
1206 2405 1345 2440 autem
1376 2408 1630 2457 apparentes

159 2465 397 2522 (Menelao)
438 2469 579 2510 tri-stes
611 2469 826 2526 imagines
867 2482 1022 2509 vanam
1061 2468 1099 2508 ei
1138 2467 1390 2524 voluptatem
1430 2471 1629 2525 qfferunt.

160 2537 281 2592 Saepe
300 2545 428 2577 noctu
449 2534 534 2577 scil.
556 2537 746 2588 somniat,
770 2552 812 2578 se
833 2536 1039 2577 Helenam
1063 2535 1294 2590 complecti.
1343 2537 1428 2578 Hae
1450 2538 1629 2580 somnio-

156 2618 251 2644 rum
291 2603 493 2659 imagines
531 2603 731 2646 dicuntur
769 2604 1030 2656 πενθήμονες,
1069 2613 1292 2660 propterea
1331 2605 1446 2660 quod
1484 2605 1629 2648 falsam

156 2687 298 2713 earum
334 2670 520 2712 laetitiam
553 2672 686 2728 major
718 2672 883 2713 tristitia
917 2671 1044 2712 animi
1078 2682 1370 2728 consequatur,
1405 2683 1628 2730 postquam

157 2755 226 2781 eas
245 2739 433 2796 dispulso
453 2754 597 2780 somno
616 2739 740 2781 falsas
759 2755 846 2781 esse
865 2739 1125 2781 intellexerit.
1160 2741 1292 2782 SCH.

215 2821 316 2861 421.
354 2807 466 2848 δόκαι
504 2806 705 2863 aptiorem
744 2817 876 2848 metro
911 2807 1086 2848 formam
1127 2807 1308 2849 restituit
1344 2809 1629 2854 Hermannus.

160 2876 407 2932 Legebatur
428 2873 554 2926 δόξαι.
604 2874 881 2916 Scribendum
901 2884 1040 2916 autem
1062 2877 1176 2917 δοκαί
1191 2887 1440 2933 oxytonum.
1476 2879 1631 2923 Arcad.

161 2958 203 3000 p.
231 2944 326 2995 106,
351 2954 422 2987 21.
451 2944 500 2985 τὰ
527 2944 584 2987 εἰς
612 2961 657 2996 κη
687 2945 852 2996 ιάμβικᾶ
872 2943 1157 2992 ἆσυνάλειπτα,
1182 2945 1309 2997 εἰμὲν
1329 2946 1382 3002 τῷ
1403 2964 1433 2988 ω
1453 2948 1632 3001 παραλή-
