1962 3224
655 172 744 213 AD
776 168 1169 212 EUMENIDES.
1563 165 1650 206 545

238 300 338 343 319.
357 284 714 340 παραγιγνόμεναι]
739 283 1053 336 παραγινόμεναι
1072 279 1184 322 libri.

236 354 469 408 πράκτορες]
494 351 703 406 κράκτορες
722 352 820 393 Par.

235 420 765 479 321-333=334—346-

228 490 608 546 347—359=360
618 499 767 544 —372-

235 557 766 615 373—376=377·—380·

235 625 769 682 381-388=389——396.

237 703 338 748 321.
359 692 522 747 ἔτικτες]
547 693 678 735 ἔτεκες
697 690 800 732 Ald.
825 691 966 731 Turn.

238 772 340 815 322.
362 761 526 802 ἀλαοῖσι
547 758 757 800 Pauwius.
789 759 978 799 ἆλαοῖσιν
997 756 1105 798 libri.

239 840 339 884 323.
359 828 520 884 ποινᾶν]
543 826 818 869 Scribendum
840 828 985 868 ποινὰν
1004 840 1101 866 cum
1123 823 1227 866 Ald.
1248 823 1362 865 Rob.

240 895 363 938 κλῦθ’·
396 898 418 938 ὃ
439 894 613 952 Λατοῦς]
637 894 744 937 κλῦθ’
767 896 934 938 ἑλατοῦς
954 893 1058 935 Ald.
1080 892 1193 934 unde
1214 895 1328 934 κλῦθι
1343 893 1497 934 Λατοῦς
1513 891 1653 931 Turn.

242 975 343 1021 325.
363 965 461 1021 326.
482 964 525 1005 in
546 978 677 1005 unum
700 977 862 1004 versum
885 960 1166 1018 conjungendi
1193 960 1433 1017 pariterque
1460 958 1654 1000 antistro-

186 1031 297 1089 phici
316 1045 414 1088 339.
434 1045 533 1088 340.

245 1111 345 1156 325.
379 1101 531 1155 πτῶκα]
569 1103 698 1142 πτᾶκα
734 1100 798 1141 Μ.
838 1098 968 1140 πτάκα
998 1097 1142 1140 Guelf.
1176 1096 1279 1138 Ald.
1317 1105 1360 1137 et
1393 1095 1526 1137 codex
1564 1096 1656 1136 Ro-

186 1166 365 1209 bortelli.

244 1235 344 1290 328.
366 1236 430 1277 ἐπὶ
449 1236 493 1277 δὲ
507 1238 559 1292 τῷ
581 1235 797 1292 τεθυμένῳ]
822 1236 964 1291 Super
982 1235 1054 1276 illo
1075 1234 1213 1291 capite
1226 1239 1367 1275 autem
1381 1232 1501 1273 nobis
1516 1231 1661 1273 devoto

185 1309 369 1345 canatur
390 1318 574 1355 carmen,
594 1306 837 1353 amentiam,
858 1303 1068 1354 delirium,
1089 1303 1241 1343 mentis
1270 1301 1502 1356 deliquium
1530 1301 1659 1350 ciens,

186 1370 370 1427 hymnus
379 1372 616 1427 fhriarum
643 1372 875 1429 ligatorius
896 1385 926 1412 a
947 1371 1045 1428 lyra
1070 1370 1249 1421 alienus,
1271 1369 1406 1411 tabem
1425 1368 1661 1410 hominibus

189 1440 390 1495 irfirens.
423 1441 557 1482 SCH.
590 1441 655 1482 ε’πὶ
674 1442 718 1481 δὲ
737 1442 790 1496 τῷ
810 1440 900 1482 τότε
920 1439 1148 1494 θυμουμένῳ
1170 1439 1228 1479 Τ.
1290 1438 1446 1479 Versus
1472 1436 1529 1478 sic
1558 1435 1662 1478 divi-

188 1506 317 1549 dendi
338 1509 460 1551 ἐπὶ-
484 1507 492 1565 Ι
517 1509 786 1562 παρακοπὰ-
811 1506 818 1557 Ι
842 1508 1019 1559 ὕμνος-
1043 1505 1052 1563 Ι
1078 1505 1470 1559 δέσμιος-βροτοῖς.

248 1589 348 1632 330.
367 1576 598 1632 παραφορὰ]
619 1575 850 1629 παραφοραὶ
871 1576 966 1616 Par.

249 1643 516 1701 φρενοδαλής]
539 1644 780 1698 φρενοδαλίς
800 1644 938 1685 Turn.
965 1643 1113 1700 Steph.
1158 1644 1313 1685 Versus
1333 1641 1545 1699 paeonicus
1561 1656 1659 1682 cum

191 1711 368 1754 catalexi
387 1712 650 1769 anapaestica.

250 1793 305 1836 33
318 1793 350 1822 ι.
368 1779 579 1837 Ἐρινύων]
600 1780 818 1834 Ἐριννύων
839 1782 978 1822 Turn.
1003 1780 1146 1836 Steph.

251 1860 350 1902 333.
372 1847 630 1905 ἆφόρμικτος]
654 1848 809 1904 Agam.
832 1861 929 1902 990.
950 1857 1163 1904 comparat
1184 1846 1407 1897 Stanleius,
1423 1845 1493 1887 τὸν
1514 1845 1546 1886 δ’
1569 1845 1663 1886 ἄνευ

194 1915 318 1968 λύρας
337 1914 440 1966 ὅμως
457 1916 629 1970 ὑμνῳδεῖ
646 1918 791 1969 θρῆνον
808 1915 989 1970 Ἐρινύος
1010 1916 1283 1959 αὐτοδίδακτος
1303 1915 1456 1956 ἔσωθεν
1477 1914 1611 1965 θυμός.

255 1982 380 2024 αὐονὰ
398 1982 572 2038 βροτοῖς]
594 1984 700 2025 αὔων
717 1982 896 2037 βροτούς
908 1984 1053 2041 Steph.
1075 1983 1143 2024 hic
1162 1992 1204 2025 et
1225 1998 1263 2024 v.
1284 1984 1382 2038 346.
1419 1990 1426 1998 “

256 2062 354 2105 334.
371 2051 550 2092 διανταία
565 2049 705 2106 Μοῖρ’]
723 2052 877 2093 Omnia
885 2058 1129 2109 penetrans,
1144 2050 1300 2101 efficax,
1303 2051 1476 2106 satum.
1509 2050 1667 2090 Trans-

197 2117 298 2159 latio
316 2126 378 2158 est
397 2133 422 2158 a
440 2117 594 2174 gladio,
613 2118 728 2174 quod
751 2119 855 2161 vidit
874 2119 1107 2169 scholiasta,
1127 2119 1151 2171 ἡ
1171 2120 1342 2171 διαμπὰξ
1362 2116 1645 2171 τιμωρουμένη.

256 2187 357 2242 336.
379 2189 533 2228 θνατῶν
550 2187 768 2228 canterus.
800 2188 981 2229 θανάτων
1000 2187 1108 2228 libri.

257 2252 499 2308 αὐτουργίαι]
522 2253 618 2294 Ηοο
648 2253 701 2295 de
727 2255 913 2296 caedibus
939 2255 1276 2311 propinquorum
1306 2263 1380 2293 aut
1409 2253 1667 2309 consangui-

199 2333 370 2361 neorum
389 2319 715 2376 intelligendum.
757 2321 827 2362 Cf.
847 2322 975 2378 paulo
995 2331 1089 2379 post
1109 2337 1148 2363 V.
1170 2322 1270 2377 356.
1293 2321 1484 2378 Choeph.
1508 2336 1544 2361 v.
1565 2330 1665 2374 470.

201 2388 318 2443 Sept.
338 2386 433 2429 adv.
455 2387 595 2429 Theb.
614 2404 653 2430 v.
677 2390 773 2443 736.
806 2390 943 2432 SCH.
975 2390 1212 2443 Αὐτουργίαι
1238 2389 1398 2441 μάταιοι
1416 2398 1515 2431 sunt
1535 2388 1668 2429 homi-

201 2454 310 2495 cidia
328 2454 497 2496 scelesta
514 2458 634 2509 μιαρὰ
653 2465 694 2497 et
714 2457 833 2510 φόνοι
854 2457 1054 2508 αὐθένται,
1077 2467 1125 2499 ut
1146 2467 1265 2499 vocat
1285 2473 1326 2498 v.
1350 2469 1446 2511 207.
1509 2456 1576 2498 Sic
1595 2456 1669 2509 μά-

202 2538 296 2562 ταια
313 2530 355 2563 et
374 2522 518 2564 ἀνόσια
542 2524 724 2564 κνώδαλα
751 2524 899 2580 Suppl.
920 2540 961 2566 v.
985 2526 1083 2580 769.
1114 2534 1154 2566 et
1184 2524 1342 2577 μάταιοι
1371 2528 1504 2578 χεῖρες
1535 2525 1667 2581 Soph.

204 2588 360 2629 Trach.
381 2600 479 2643 574.
511 2590 820 2632 ABRESCH.

263 2656 488 2709 αὐτουργίαι
509 2658 645 2698 Turn.
677 2659 922 2711 αὐτουργίαις
942 2659 1010 2699 Μ.
1035 2658 1180 2700 Guelf.
1203 2658 1304 2699 Ald.
1328 2658 1441 2700 Rob.
1465 2658 1609 2715 Steph.

263 2722 530 2779 ξυμπέσωσιν]
550 2724 807 2776 ξυμπάσωσιν
828 2726 893 2766 Μ.
928 2726 1190 2778 ξύμπασωσεν
1212 2726 1309 2780 (sic)
1333 2726 1443 2767 Rob.

263 2803 363 2845 339.
382 2790 550 2846 ὑπέλθῃ]
573 2790 627 2832 Id
646 2800 708 2833 est
726 2791 879 2847 ὑπέλθῃ
899 2809 969 2840 τις,
990 2793 1103 2849 quod
1126 2803 1235 2835 recte
1261 2793 1440 2834 infertur
1469 2802 1564 2849 post
1593 2807 1670 2835 nu-

205 2873 366 2899 merum
389 2857 605 2915 pluralem.
637 2859 786 2911 ἐπέλθῃ
806 2859 911 2900 Ald.

264 2937 363 2981 343.
382 2927 612 2982 παραφορὰ]
637 2926 874 2981 παράφρονα
894 2927 957 2969 vel
978 2931 1217 2983 παραφρονὰ
1238 2929 1304 2970 Μ.
1330 2927 1474 2969 Guelf.

903 3009 975 3051 32
