1962 3224
334 164 424 207 526
810 167 897 208 AN
900 167 1231 208 NOTATION
1235 168 1305 209 ES

334 276 485 329 χόντες,
507 276 702 316 accedant
719 275 875 324 ordine,
897 277 968 331 qui
987 277 1131 317 sortito
1155 278 1210 318 iis
1237 277 1398 332 obtigit.
1458 277 1621 331 Nempe
1649 275 1691 316 id
1720 276 1777 317 ita

331 341 455 384 fiebat
480 339 606 396 (quod
639 340 911 396 Spanhemius
936 341 988 382 ad
1012 341 1248 382 Callimach.
1270 341 1310 381 in
1333 341 1475 396 Apoll.
1496 355 1532 381 v.
1553 351 1625 395 45.
1647 355 1772 396 expo-

332 407 446 461 suit),
479 412 507 431 “
529 415 575 448 ut
604 421 735 462 quum
764 406 858 447 olim
889 423 936 448 ac
965 407 1037 448 diu
1067 407 1249 463 quidem,
1279 415 1446 447 notante
1475 406 1518 446 id
1548 406 1773 447 Plutarcho

333 474 383 524 Q.
406 474 539 515 Graec.
562 487 603 528 p.
627 485 720 526 292.
740 472 862 513 semel
888 480 1048 514 tantum
1078 473 1120 513 in
1150 486 1257 513 anno
1285 481 1326 512 et
1356 480 1459 513 stata
1487 471 1663 526 quadam
1695 471 1775 521 die,

332 548 473 595 postea
493 536 669 594 singulis
682 538 887 579 mensibus
907 539 1042 580 liceret
1058 538 1307 594 Delphicum
1323 538 1531 579 oraculum
1554 538 1775 587 consulere,

333 616 422 648 tum
452 605 697 647 adventante
726 604 806 655 die,
837 614 944 646 sorte
972 605 1087 646 electi
1117 620 1139 646 e
1165 604 1340 660 Delphis
1368 604 1560 660 primates
1586 603 1676 654 viri,
1703 604 1774 658 qui

336 671 512 728 Tripodi
547 671 750 727 Delphico
783 671 1005 720 adstarent,
1039 671 1177 726 ibique
1211 671 1263 711 ab
1295 670 1343 711 iis
1374 681 1499 711 sortes
1525 670 1775 725 jacerentur,

333 741 502 794 quinam
537 748 578 778 et
611 752 694 792 quo
728 736 870 777 ordine
903 752 954 777 ex
990 736 1051 787 iis,
1088 736 1159 792 qui
1192 736 1355 777 nomina
1388 744 1476 776 tum
1509 736 1684 792 Delphis
1722 736 1774 776 ad

333 804 627 846 consulendum
648 803 873 852 oraculum,
893 802 1038 844 oblatis
1058 802 1173 858 prius
1191 816 1267 858 pro
1291 816 1401 842 more
1429 801 1620 853 donariis,
1639 803 1775 843 edide-

335 881 440 918 rant,
473 879 606 911 essent
634 868 891 910 admittendi.
953 868 1075 918 Quod
1107 868 1259 909 factum
1296 867 1462 908 solemni
1490 867 1559 908 illa
1586 869 1775 919 formula,

334 953 430 993 quae
449 952 474 977 a
496 935 704 991 Simplicio
725 934 900 976 traditur
920 934 990 976 lib.
1013 947 1049 978 2.
1072 934 1236 990 Physic.
1257 950 1299 991 p.
1322 944 1388 989 75.
1416 943 1457 975 et
1482 949 1507 975 a
1527 934 1698 976 Kuhnio
1723 935 1776 976 ad

337 1003 423 1045 AEl.
444 1004 494 1044 V.
513 1003 574 1043 H.
595 1017 637 1057 p.
661 1014 755 1056 245.
778 1001 937 1042 erudite
958 1001 1250 1042 animadversa.
1284 1005 1462 1055 Δελφοῖς
1488 1002 1530 1043 δὲ
1550 1002 1612 1042 καὶ
1631 1018 1774 1054 προκα-

338 1073 481 1124 τῆρχεν
511 1071 555 1111 ἐν
584 1073 667 1112 ταῖς
697 1067 947 1121 ἐρωτήσεσιν,
975 1066 1005 1108 ὦ
1033 1068 1142 1121 Τύχη
1178 1069 1240 1109 καὶ
1268 1069 1392 1119 Λοξία
1422 1069 1498 1110 τίνι
1526 1069 1775 1121 θεμιστεύεις.

334 1137 510 1192 Delphis
531 1137 654 1177 etiam
677 1136 861 1189 primum
887 1135 1016 1176 Iocum
1039 1135 1247 1188 (Fortuna
1271 1136 1438 1190 nempe)
1468 1136 1515 1175 in
1543 1136 1777 1191 interroga—

335 1203 514 1245 tionibus
535 1203 666 1244 tenuit
681 1218 694 1242 :
724 1217 747 1243 o
767 1203 961 1242 Fortuna
978 1207 1016 1242 et
1035 1201 1179 1257 Apollo
1198 1202 1365 1242 cuinam
1391 1201 1612 1257 respondes
1637 1215 1670 1241 ς.
1702 1215 1776 1242 va-

336 1271 528 1311 ticinaris
544 1271 564 1310 ?
608 1268 697 1310 Ubi
726 1283 823 1308 vero
857 1282 942 1308 sors
975 1267 1151 1317 exiisset,
1182 1267 1218 1308 ei
1247 1267 1314 1308 cui
1344 1266 1413 1308 illa
1443 1266 1659 1323 obtigerat,
1687 1276 1776 1308 tum

335 1335 480 1377 laxatis
500 1335 640 1391 templi
660 1334 818 1376 foribus
838 1344 879 1376 et
899 1343 1074 1375 mactata
1092 1334 1207 1390 prius
1225 1334 1278 1375 ad
1298 1348 1409 1375 aram
1431 1348 1521 1384 ove,
1543 1334 1709 1389 patebat
1734 1334 1775 1375 in

336 1402 527 1444 sacellum
549 1401 730 1458 ejusdem
752 1401 851 1442 aedis
870 1400 1044 1442 aditus.''
1076 1402 1206 1442 SCH.

393 1483 461 1525 33.
482 1470 717 1521 μαντεύομαι
736 1468 827 1523 γὰρ]
852 1468 1055 1510 Carmina
1074 1467 1180 1508 enim
1203 1482 1232 1508 s.
1248 1467 1436 1508 vaticinia
1455 1482 1503 1508 eo
1522 1466 1664 1508 ordine
1683 1482 1776 1522 pro-

337 1537 496 1585 nuntio,
513 1551 591 1592 quo
606 1537 704 1593 deus
724 1535 894 1591 Apollo,
914 1534 1091 1576 sortibus
1111 1534 1260 1575 scilicet
1279 1534 1496 1589 imperans,
1513 1549 1578 1574 me
1598 1533 1775 1574 duxerit.

338 1603 420 1645 His
445 1603 564 1644 dictis
584 1603 770 1658 Pythias,
791 1602 904 1658 quod
933 1611 1041 1642 recte
1067 1600 1280 1642 admonuit
1309 1600 1555 1650 scholiastes,
1577 1601 1777 1656 templum

336 1670 587 1725 ingreditur;
629 1684 828 1724 scenaque
857 1667 1149 1724 aliquantisper
1179 1667 1365 1717 vaouefit,
1396 1666 1525 1708 donec
1555 1666 1774 1708 Furiarum

335 1738 530 1793 adspectu
553 1737 746 1778 exterrita
767 1751 788 1776 e
810 1735 963 1791 templo
984 1734 1134 1775 redeat.
1168 1734 1296 1774 SCH.

391 1807 461 1860 36.
494 1804 651 1858 σωκεῖν]
679 1807 802 1844 σωκῶ”
834 1803 968 1855 ἰσχύω,
991 1811 1038 1842 ut
1064 1799 1253 1856 Sophocl.
1274 1799 1406 1840 Elect.
1428 1812 1519 1853 119.
1550 1801 1672 1851 μούνη
1700 1803 1775 1854 γὰρ

336 1873 448 1925 ἄγειν
468 1873 537 1913 οὐκ
558 1872 614 1912 ἔτι
634 1874 745 1911 σωκῶ
765 1870 889 1920 λύπης
909 1869 1142 1919 ἀντίρροπον
1162 1867 1294 1919 ἄχθος.
1326 1866 1574 1907 WAKEF.

328 1973 337 1979 .
393 1938 604 1992 ἀκταίνειν]
627 1939 692 1978 De
712 1935 914 1977 vocabulo
937 1935 1133 1975 ἀκταίνειν
1153 1932 1272 1974 docte
1298 1932 1483 1988 disputat
1502 1932 1777 1975 Ruhnkenius

335 2005 563 2047 adTimaei
582 2004 659 2045 lex.
682 2003 788 2044 Plat.
809 2018 851 2057 p.
875 2014 940 2045 20.
964 2000 1028 2041 ed.
1053 2013 1090 2043 2.
1111 1999 1235 2049 unde,
1257 2014 1351 2054 quae
1369 1999 1420 2040 ad
1443 2010 1626 2040 nostrum
1642 2000 1774 2041 locum

334 2071 505 2121 faciunt,
520 2069 813 2111 mutuabimur.
836 2067 1021 2108 Primum
1035 2066 1153 2106 affert
1165 2081 1215 2106 ex
1226 2065 1450 2121 Phrynichi
1465 2069 1775 2119 Προπαρασκευῇ

335 2140 552 2193 Σοφιστικῇ
570 2138 665 2177 MS.
685 2134 837 2190 (Bekk.
854 2133 1013 2175 Aneod.
1036 2148 1077 2188 p.
1095 2144 1163 2187 23,
1187 2133 1247 2186 7.)
1270 2132 1374 2173 hanc
1393 2132 1592 2187 glossam:
1623 2132 1775 2174 Ἀκται-

335 2209 459 2246 νῶσαι
474 2204 654 2255 σημαίνει
667 2203 739 2254 μὲν
754 2200 798 2242 τὸ
813 2202 972 2254 ὑψῶσαι
987 2200 1049 2240 καὶ
1070 2200 1208 2251 ἐπᾶραι
1225 2199 1286 2239 καὶ
1303 2199 1545 2250 μετεωρίσαι.
1574 2200 1718 2251 εἴρηται
1733 2202 1775 2241 δὲ

331 2271 413 2312 ἀπὸ
434 2273 500 2320 τῆς
521 2271 637 2319 ἀκτῆς
655 2272 723 2309 τοῦ
743 2271 880 2320 φυτοῦ,
902 2265 970 2319 ἀφ’
992 2267 1037 2307 οὗ
1066 2267 1114 2306 τὰ
1134 2266 1293 2306 ἀκόντια
1318 2265 1509 2317 τέμνεται,
1533 2266 1594 2306 καὶ
1616 2266 1700 2306 ἐπεὶ
1728 2269 1776 2308 τὰ

336 2338 495 2379 ἀκόντια
516 2338 568 2378 εἰς
587 2337 690 2387 ὕψος
710 2336 858 2382 αἴρεται
876 2332 1081 2385 ἀφιέμενα,
1104 2333 1166 2373 διὰ
1185 2335 1297 2372 τοῦτο
1319 2332 1380 2372 καὶ
1401 2331 1464 2372 ἐπὶ
1483 2332 1628 2374 παντὸς
1649 2333 1772 2385 ὑψου-

334 2403 454 2455 μένου
484 2402 546 2443 καὶ
574 2404 770 2452 πηδῶντος
798 2398 881 2451 μεθ’
907 2400 1024 2451 ὁρμῆς
1053 2397 1164 2449 ἐτέθη
1193 2397 1237 2439 τὸ
1265 2397 1534 2440 Ἀκταινῶσαι.
1565 2401 1774 2453 Αἰσχύλος,

332 2470 404 2512 οὐκ
434 2469 484 2510 ἔτ’
521 2469 700 2514 ἀκταίνω,
735 2466 834 2520 φησὶ
863 2465 1101 2518 βαρυτόνως,
1137 2465 1220 2505 οἶον
1255 2465 1323 2505 οὐκ
1358 2463 1408 2506 ἔτ’
1442 2467 1583 2518 ὀρθοῦν
1612 2467 1776 2517 δύναμαι

337 2533 758 2590 ἐμαυτόν.-Εῑ)1η]οΙ.
786 2533 851 2573 Μ.
878 2547 918 2587 p.
943 2541 1012 2585 54.
1042 2530 1245 2578 Ἀκταίνω,
1279 2532 1341 2572 ἐπὶ
1370 2532 1510 2573 ἵππων.
1541 2531 1772 2580 Ἀκταίνειν,

334 2603 379 2644 τὸ
409 2602 719 2654 μετεωρίζεσθαι,
751 2600 813 2641 καὶ
844 2599 1086 2651 ἐπαίρεσθαι,
1117 2598 1180 2638 καὶ
1210 2601 1385 2650 γαυριᾶν.
1445 2600 1563 2651 Παρὰ
1591 2598 1634 2638 τὸ
1663 2598 1774 2649 ἦκται

336 2669 451 2712 ἀκτὸς
480 2669 542 2709 καὶ
570 2669 671 2720 ῥῆμα
700 2668 814 2714 ἀκτῶ,
846 2664 913 2718 ἀφ’
945 2664 989 2705 οὗ
1021 2663 1064 2704 τὸ
1095 2665 1261 2716 κουφίζω
1291 2666 1395 2716 παρὰ
1422 2665 1623 2719 Αἰσχύλῳ,
1655 2663 1701 2714 ἐξ
1730 2665 1775 2705 οὗ

334 2736 538 2785 Ἀκταίνω,
562 2733 694 2790 (quod
714 2743 822 2774 recte
838 2730 1115 2772 Ruhnkenius
1135 2731 1191 2771 sic
1210 2731 1416 2772 emendat:
1443 2730 1509 2784 ἀφ’
1528 2731 1572 2772 οὗ
1585 2730 1774 2772 Ἀκταίνω

330 2804 380 2843 »τὸ
411 2801 588 2854 κουφίζω,
619 2802 724 2852 παρὰ
749 2798 957 2852 Αἰσχύλῳ)
990 2798 1051 2839 καὶ
1078 2797 1286 2839 Ἀκταῖνον
1313 2797 1430 2850 μένος
1458 2798 1503 2838 τὸ
1533 2796 1681 2850 ἀνάγον
1712 2798 1773 2837 καὶ

335 2869 551 2920 δυνάμενον
571 2868 772 2918 ἀνορθοῦν.
805 2865 936 2907 SCH.
