1962 3224
618 205 708 247 AD
739 205 1184 248 CHOEPHORAS.
1551 206 1636 251 439

170 338 267 370 σειε,
290 324 404 363 τοῦδε
421 321 499 375 χρὴ
517 321 667 370 κλύειν,
691 321 769 361 Καὶ
798 319 955 373 σμικρά,
981 321 1045 362 καὶ
1075 321 1217 367 δίκαια,
1241 320 1305 360 καὶ
1333 320 1536 361 τάναντία.
1569 318 1642 361 ubi

171 388 409 431 Brunckius
441 387 618 430 advocat
654 389 868 438 Senecam,
903 388 1097 444 AEquum
1130 393 1254 444 atqu-e
1288 388 1483 443 iniquum
1523 389 1641 444 reg-23

170 457 544 514 imperiumfiras.
577 456 810 497 BLOMF.

233 535 303 580 79.
325 523 509 577 πρέποντ’
534 525 676 579 ἀρχαῖς
694 525 788 576 βίου
807 525 879 579 βία
898 521 1152 578 φερομένων]
1176 522 1316 564 Verba
1334 531 1544 580 corrupta.

228 591 431 648 πρέποντ’]
464 593 736 634 Hermannus
768 596 798 617 “
818 593 854 633 1.
875 607 911 632 e.
941 590 1094 644 πρέπον
1122 592 1193 644 μοί
1221 593 1344 632 ἐστιν.
1378 592 1518 646 Ἀρχαὶ
1547 593 1642 644 βίου

170 671 309 702 autem
341 670 438 702 sunt
468 659 638 712 domini,
658 660 700 701 in
728 674 908 717 quorum
938 669 1143 716 potestate
1163 668 1224 701 est
1246 659 1331 701 vita
1350 659 1596 716 puellarum,
1619 677 1642 702 e

171 727 326 784 quibus
344 727 496 769 chorus
516 737 688 770 constat.
737 729 890 770 Sensus
911 727 978 769 hic
998 737 1083 770 est:
1117 743 1183 769 me
1203 728 1371 784 quidem
1394 728 1512 770 decet
1526 729 1644 785 justa

173 795 328 852 pariter
351 805 478 852 atque
507 796 660 853 injuste
689 797 799 838 facta
828 795 1006 838 dominis
1027 796 1122 838 vitae
1143 812 1260 848 meae,
1281 812 1412 853 quum
1437 796 1644 840 violentiae

173 863 333 920 impetu
366 865 603 921 rapiuntur,
634 880 801 906 assensu
836 880 928 906 meo
957 865 1232 921 approbare.’'
1292 867 1440 921 Atque
1469 865 1528 907 ita
1557 866 1645 908 sere

174 932 404 974 scholiasta.
467 932 668 975 Feliciore
698 949 904 985 successu,
935 949 1026 974 mea
1054 933 1223 989 quidem
1256 934 1473 984 sententia,
1506 933 1644 976 locum

175 1000 367 1042 tractavit
390 1000 603 1051 Butlerus‚
626 1001 699 1058 qui
724 1001 879 1043 inserto
905 1002 950 1043 οὐ
980 1012 1076 1043 ante
1105 1001 1320 1055 πρέποντα,
1344 1002 1456 1044 hunc
1485 1002 1526 1043 in
1558 1018 1646 1046 mo-

175 1069 276 1110 dum
308 1069 621 1126 interpretatur,
648 1070 766 1111 Mihi
799 1085 896 1112 vero
927 1071 1228 1123 (necessitatem
1257 1072 1370 1111 enim
1400 1071 1646 1113 ancillarent,

177 1138 258 1177 Dio:
277 1137 531 1187 intulerunt,
553 1151 606 1178 ex
627 1138 784 1179 cedibus
803 1139 912 1179 enim
935 1139 1129 1195 paternis
1158 1139 1206 1178 in
1235 1139 1427 1180 servilem
1457 1154 1520 1180 me
1549 1154 1646 1181 con-

179 1206 377 1247 ditionem
416 1205 647 1260 abduxere)
690 1221 808 1263 oequa
840 1207 1012 1262 pariter
1050 1212 1088 1248 et
1127 1207 1277 1262 iniqua
1315 1221 1454 1249 eorum
1489 1209 1562 1265 qui
1603 1208 1647 1249 vi

178 1280 333 1330 agunt,
360 1273 479 1315 hand
511 1275 803 1316 convenienter
835 1276 1000 1331 origini
1035 1276 1134 1316 vitoe
1163 1289 1274 1325 mese,
1307 1274 1449 1317 liberae
1479 1275 1647 1328 scilicet,

177 1341 355 1383 laudare
383 1341 578 1383 acerbum
608 1348 683 1393 est,
715 1342 858 1384 odium
886 1344 1022 1384 animi
1050 1344 1272 1399 prementi.
1334 1343 1459 1394 Quod
1489 1344 1521 1386 si
1551 1345 1645 1399 πρέ-

178 1426 305 1451 ποντα
324 1409 410 1450 sine
429 1409 474 1450 οὐ
494 1420 603 1451 recte
625 1426 667 1451 se
696 1410 836 1461 habet,
857 1410 966 1452 idem
990 1411 1099 1452 valet
1128 1427 1175 1452 ac
1205 1414 1409 1463 δοκοῦντα,
1438 1428 1528 1470 quae
1548 1415 1647 1471 pla-

177 1477 262 1518 cita
287 1483 419 1523 sunt,·
462 1476 567 1518 sicut
595 1477 710 1533 apud
731 1478 883 1535 Eurip.
904 1478 946 1519 in
970 1478 1086 1520 Stob.
1109 1480 1177 1520 62.
1201 1494 1242 1536 p.
1264 1480 1362 1535 384.
1396 1482 1539 1537 Δούλῳ
1570 1485 1647 1536 γὰρ

178 1544 254 1598 οὐχ
272 1545 357 1585 οἳόν
377 1561 421 1585 τε
438 1545 589 1596 τᾶληθῆ
616 1543 768 1599 λέγειν,
788 1548 839 1587 Εἰ
868 1548 1102 1588 δεσπόταισι
1130 1546 1183 1598 μὴ
1213 1550 1415 1600 πρέποντα
1446 1549 1646 1604 τυγχάνει.

181 1611 248 1653 Sic
281 1611 390 1652 enim
423 1611 645 1668 legendum
683 1628 760 1669 pro
791 1614 994 1668 τυγχάνοι.
1029 1616 1260 1657 BLOMF.
1326 1617 1568 1668 Scholiasta,
1601 1619 1646 1660 τὸ

182 1683 280 1732 ἑξῆς,
304 1682 390 1732 ἐμοὶ
421 1682 464 1722 δὲ
493 1680 695 1734 πρέποντα
723 1683 785 1724 καὶ
812 1683 1059 1736 ὀφειλόμενά
1087 1687 1199 1727 ε’στιν
1225 1687 1408 1740 ἀπαρχὰς
1437 1687 1532 1742 (sic)
1554 1689 1648 1740 βίου

182 1752 232 1791 τὰ
250 1754 328 1791 τῶν
347 1751 419 1805 βίᾳ
437 1767 487 1802 με
507 1753 740 1803 φερομένων
759 1752 917 1793 αἰνέσαι
937 1753 1077 1806 πικρὸν
1097 1759 1255 1807 φρενῶν
1272 1757 1416 1809 στύγος
1438 1758 1647 1814 κρατούσῃ.

183 1817 360 1871 ἀνάγκην
394 1817 470 1871 γάρ
504 1835 571 1869 μοι
605 1820 643 1859 οἱ
678 1820 761 1860 θεοὶ
790 1819 1080 1874 προσήνεγκαν.
1142 1823 1269 1864 Alius
1306 1826 1420 1879 (cum
1456 1824 1650 1867 lemmate

183 1885 368 1938 πρέποντ’
391 1887 556 1940 ἀρχαίου
585 1887 679 1938 βίου
706 1886 747 1927 in
769 1886 836 1928 ed.
859 1888 1129 1943 Robortelli),
1151 1891 1353 1943 πρέποντά
1378 1909 1446 1944 μοι
1474 1895 1559 1934 ἐστι
1587 1895 1651 1935 καὶ

184 1954 443 2006 ὀφειλόμενα,
466 1951 576 2004 ἐξότε
605 1957 744 1995 τοῦτον
772 1953 1016 2012 ε’πανῄρημαι
1044 1956 1111 1997 τὸν
1137 1959 1243 2009 βίον,
1266 1961 1315 1999 τὰ
1339 1963 1417 2000 τῶν
1437 1960 1535 2012 πρὸς
1552 1962 1651 2012 βίαν

187 2020 430 2072 κεκτημένων
466 2022 685 2072 ἐπαινέσαι,
719 2023 971 2074 καλυπτούσῃ
1005 2024 1076 2074 τὴν
1106 2024 1185 2065 κατ’
1220 2026 1348 2067 αὐτῶν
1379 2027 1653 2082 ἀποστύγησιν

187 2090 250 2130 καὶ
268 2090 366 2141 μηδὲ
384 2091 582 2145 παρρησίᾳ
601 2090 671 2131 τὸν
692 2089 888 2142 δεσπότην
910 2092 1113 2143 κλαιούσῃ.

245 2157 387 2210 ἀρχαῖς
407 2173 456 2198 ex
482 2157 679 2214 Sophiani
701 2158 938 2214 conjectura
959 2159 1069 2200 Rob.
1095 2160 1240 2216 Steph.
1270 2162 1396 2216 ἀρχᾶς
1417 2163 1482 2204 Μ.
1506 2165 1652 2206 Guelf.

189 2223 290 2266 Ald.
322 2226 441 2279 ἀρχαὶ
463 2226 600 2266 Turn.

247 2294 431 2347 79—81.
471 2293 625 2334 Versus
664 2293 720 2335 sic
760 2283 1019 2336 describendi
1049 2296 1266 2337 -αῑνέσαι
1293 2295 1298 2353 Ι
1324 2298 1463 2351 πικρὸν
1496 2305 1655 2353 φρενῶν

190 2361 332 2412 στύγος
363 2362 570 2417 κρατούσῃ.
600 2360 606 2418 Ι
634 2362 782 2414 δακρύω
816 2361 847 2402 δ’
880 2361 946 2415 ὑφ’
979 2362 1146 2414 εἱμάτων
1172 2362 1178 2419 Ι
1204 2366 1405 2415 ματαίοισι
1439 2369 1653 2411 δεσποτᾶν.

190 2427 383 2468 Duorum
406 2439 706 2483 postremorum
729 2439 905 2470 metrum
929 2430 1006 2471 hoc
1028 2442 1103 2482 est,
1126 2454 1154 2471 υ
1171 2430 1255 2479 -'——‚
1279 2456 1306 2473 υ
1325 2431 1354 2463 -’-
1369 2457 1397 2474 υ
1416 2459 1458 2474 -.

249 2494 317 2535 80.
338 2495 425 2550 βίᾳ]
447 2498 533 2547 βίαι
555 2497 699 2539 Guelf.
720 2497 824 2538 Ald.
857 2500 933 2553 βίῳ
955 2498 1084 2540 codex
1109 2499 1356 2541 Robortelli.

248 2560 386 2613 πικρὸν
409 2562 553 2617 Steph.
586 2567 732 2616 πικρῶν
754 2564 819 2604 Μ.
843 2563 986 2605 Guelf.
1010 2565 1113 2606 Ald.
1138 2567 1250 2607 Rob.
1274 2569 1411 2609 Turn.

250 2628 318 2668 81.
350 2629 498 2680 δακρύω
530 2628 560 2669 δ’
582 2629 648 2682 ὑφ’
673 2630 856 2685 εἱμάτων]
880 2635 905 2652 “
926 2632 995 2671 Ex
1019 2646 1132 2672 more
1154 2633 1318 2684 scilicet,
1341 2651 1426 2690 quo
1448 2635 1657 2691 plorantes

192 2695 384 2736 velabant
415 2692 572 2752 capita:
620 2697 704 2737 vid.
737 2697 877 2738 multis
906 2698 1139 2755 philologos
1168 2701 1221 2741 ad
1253 2702 1391 2743 Marci
1423 2704 1472 2744 C.
1494 2717 1559 2757 14.
1588 2716 1655 2759 72.

194 2764 367 2804 Isocrat.
393 2765 573 2820 Trapez.
596 2779 635 2820 p.
658 2777 754 2816 714.
776 2764 842 2806 ed.
866 2766 916 2805 P.
943 2766 1090 2822 Steph.
1123 2768 1454 2822 ἐγκαλυψάμενος
1484 2771 1657 2813 ἔκλαιε.””

194 2833 434 2872 ΑΒιιΕεοΗ.
497 2831 703 2872 Stanleius
737 2832 898 2873 confert
931 2833 1104 2874 Homer.
1134 2834 1219 2875 Od.
1246 2841 1296 2877 Δ.
1323 2850 1414 2889 114.
1454 2837 1588 2892 Δάκρυ
1623 2840 1655 2882 δ’

194 2899 272 2940 ἀπὸ
291 2898 514 2951 βλεφάρων
532 2898 700 2953 χαμάδις
717 2898 838 2950 βάλε,
859 2902 1006 2953 πατρὸς
1027 2902 1214 2953 ἀκούσας,
1236 2909 1411 2957 χλαῖναν
1430 2909 1658 2960 πορφυρέην

195 2966 277 3007 ἀντ’
300 2968 550 3020 ὀφθαλμοῖῖν
570 2969 772 3022 ἀνασχών.
803 2977 844 3009 et
869 2968 1021 3025 Eurip.
1047 2970 1193 3026 Suppl.
1213 2984 1304 3012 110.
1334 2973 1387 3014 Σὲ
1418 2973 1486 3014 τὸν
1514 2975 1656 3029 κατήρη
