1962 3224
371 185 457 224 580
842 186 1335 227 ANNOTATIONES

429 294 497 334 66.
520 293 609 335 ἕθεν
629 295 847 335 Porsonus.
879 295 921 336 ἕο
942 297 986 336 ἐν
1005 295 1110 343 libri,
1135 297 1200 336 M.
1219 311 1244 337 a
1261 305 1498 337 correctore.

428 360 493 414 69.
515 359 601 414 τὼς]
622 364 673 400 τῶ
695 360 835 401 Guelf.
866 362 917 401 τὼ
937 361 1037 402 Ald.
1067 366 1140 405 τῶς
1160 363 1311 412 Turn„
1332 362 1479 402 omisso
1499 362 1572 402 καὶ.

426 427 656 478 φιλόδυρτος
677 426 895 468 Heathius.
925 429 1170 480 φιλοδύρτοις
1190 428 1294 470 libri.

423 491 625 533 Ἰαονίοισι
653 493 820 547 νόμοισι]
854 494 947 534 Ηοο
967 508 1047 533 non
1067 503 1125 534 est
1155 494 1207 534 de
1238 510 1285 535 ea
1312 494 1525 535 modorum
1553 493 1798 534 musicorum

367 558 522 599 ratione
559 558 855 614 accipiendum,
889 575 972 614 qua
1005 560 1226 616 Phrygius,
1261 561 1436 616 Lydius,
1470 561 1613 601 Ionius
1650 559 1800 615 aliique

367 624 478 665 modi
512 634 702 665 tonorum
733 625 954 665 intervallis
986 625 1352 681 distinguebantur.
1415 626 1495 666 Sed
1527 626 1578 666 de
1613 625 1801 666 universo

366 690 613 731 canticorum
645 691 876 732 charactere
901 707 976 747 pro
1001 692 1164 747 ingenio
1186 692 1395 733 nationum
1426 692 1585 733 diverso
1616 701 1661 732 ut
1687 691 1801 746 apud

368 757 543 798 Lucian.
565 757 605 797 in
629 757 885 798 Harmonide
915 758 1099 814 Phrygio
1119 759 1241 800 modo
1261 758 1455 799 tribuitur
1478 759 1522 799 τὸ
1542 758 1691 807 ἔνθεον,
1714 758 1801 812 Ly-

367 823 436 864 dio
464 824 508 863 τὸ
538 823 745 876 βακχικὸν,
772 823 902 864 Dorio
931 824 975 864 τὸ
1010 825 1168 875 σεμνὸν,
1201 825 1320 865 Ionio
1347 826 1391 865 τὸ
1415 825 1633 877 γλαφυρόν.
1666 825 1798 865 SCH.

368 891 551 930 ἷανοίοισι
584 889 683 930 Ald.
715 890 825 930 unde
859 891 1127 943 φιλοδύρτοισι
1165 893 1310 932 αἷνοῖσι
1345 892 1478 931 Turn.
1530 889 1798 931 Scribendum

367 956 595 1007 ἆηδονίοισι,
626 970 751 1010 quam
785 956 1072 1010 conjecturam,
1107 957 1159 998 ab
1196 957 1374 998 Stanleio
1407 972 1572 1012 quoque
1605 970 1799 996 memora-

367 1031 465 1072 tam,
488 1021 760 1077 Spanhemius
787 1022 841 1063 ad
870 1022 1084 1079 Aristoph.
1115 1025 1223 1065 Ran.
1241 1025 1336 1079 695.
1358 1033 1404 1065 ut
1422 1024 1520 1065 alias
1548 1023 1802 1078 conjecturas

365 1087 504 1143 plures
532 1088 740 1129 codicibus
769 1088 1029 1143 quibusdam,
1058 1090 1129 1144 qui
1165 1090 1265 1131 nulli
1299 1091 1481 1140 fuerunt,
1514 1089 1671 1131 tribuit.
1729 1091 1797 1130 Ex

366 1155 547 1210 margine
567 1154 658 1195 libri
681 1154 864 1195 Vossiani
885 1164 1088 1211 sumptam
1109 1172 1194 1197 esse
1219 1166 1390 1198 testatur
1412 1156 1636 1211 Burgesius
1664 1170 1706 1211 p.
1726 1166 1797 1209 50.

367 1221 483 1262 Idem
505 1221 754 1276 comparavit
783 1221 928 1276 fragm.
948 1235 1045 1274 412.
1067 1225 1136 1277 (ex
1168 1223 1344 1264 Bekkeri
1363 1223 1525 1265 Anecd.
1552 1238 1594 1278 p.
1614 1235 1712 1277 349,
1735 1221 1803 1274 6.)

365 1292 499 1340 θρηνεῖ
515 1290 557 1329 δὲ
576 1287 673 1341 γόον
691 1288 760 1328 τὸν
780 1287 973 1339 ἀηδόνιον.

423 1367 488 1408 70.
519 1354 757 1409 Νειλοθερῆ]
779 1355 891 1396 Solis
910 1356 1059 1396 ardore
1075 1357 1284 1412 AEgyptio
1304 1363 1449 1397 tostam
1478 1356 1572 1397 olim
1603 1355 1799 1410 interpre-

365 1430 475 1462 tatus
487 1430 547 1462 est
564 1421 758 1471 Bothius,
772 1421 843 1476 qui
858 1423 1119 1476 postmodum
1135 1422 1239 1463 male
1250 1423 1422 1478 conjecit
1442 1426 1632 1475 εἶλοθερῆ.
1664 1421 1799 1462 Aliter

364 1488 590 1539 scholiasta,
610 1488 681 1539 τὴν
702 1490 746 1529 ἐν
765 1489 816 1543 τῷ
837 1490 969 1542 Νείλῳ
996 1491 1257 1541 θερισθεῖσαν,
1272 1490 1295 1529 ὅ
1325 1491 1408 1530 ἐστι
1436 1489 1727 1540 βλαστήσασαν
1755 1489 1812 1528 ε’ν-

365 1557 559 1610 Αἰγύπτῳ.
589 1555 665 1596 ἀπὸ
685 1559 762 1595 τῶν
777 1555 957 1607 σταχύων
973 1555 1015 1594 δὲ
1030 1555 1053 1606 ἡ
1066 1555 1282 1607 μεταφορά.
1314 1558 1541 1605 Νειλοθαλῆ
1555 1556 1798 1595 Pearsonus.

422 1635 490 1675 71.
522 1623 695 1676 καρδίαν]
732 1623 917 1661 Metrum
947 1623 1128 1676 postulat
1149 1622 1301 1674 κάρζαν,
1323 1621 1374 1662 de
1393 1637 1477 1677 qua
1495 1621 1627 1662 forma
1644 1620 1729 1661 dixi
1755 1621 1797 1661 in

365 1690 581 1731 Thesauro
603 1688 797 1744 Stephani
819 1687 899 1728 vol.
923 1701 960 1730 2.
976 1703 1019 1743 p.
1041 1691 1146 1729 1106
1166 1689 1222 1728 D.

421 1767 487 1812 73.
519 1758 663 1809 ’γόεδνα
697 1755 727 1796 δ’
764 1754 1027 1809 ἀνθεμίζομαι]
1058 1754 1246 1811 Choeph.
1282 1756 1375 1806 148.
1410 1756 1507 1806 ὑμᾶς
1545 1756 1588 1795 δὲ
1619 1759 1797 1798 κωκυτοῖς

364 1823 583 1872 ἐπανθίζειν
603 1823 729 1873 νόμος.
763 1822 925 1862 STAN
931 1822 982 1862 L.

419 1900 486 1941 74.
509 1889 667 1942 φίλους]
693 1888 871 1943 AEgypti
890 1888 1006 1929 filios.

419 1968 484 2011 75.
499 1957 629 2008 ἀερίας
643 1956 720 1996 ἀπὸ
733 1956 820 2010 γᾶς]
836 1956 1071 2012 AEgyptum
1085 1955 1199 1996 dicit:
1223 1971 1262 1996 ν.
1279 1956 1420 2012 Steph.
1434 1957 1537 2012 Byz.
1550 1971 1580 1997 s.
1596 1971 1635 1996 v.
1648 1955 1795 2008 Ἀερία.

420 2033 486 2076 77.
507 2023 589 2063 θεοὶ
609 2022 815 2064 Pauwius.
849 2024 931 2063 θεοὶ
951 2025 988 2064 οἱ
1007 2022 1115 2063 libri.

419 2090 485 2142 78.
505 2088 529 2140 ἢ
551 2089 628 2143 καὶ]
649 2088 672 2139 ἢ
691 2089 762 2140 βαὶ
782 2090 847 2129 Μ.
870 2090 965 2129 Par.
995 2088 1018 2140 ἢ
1038 2104 1119 2131 om.
1144 2089 1284 2131 Guelf.
1316 2090 1421 2141 ἥβαν
1443 2089 1695 2130 Schuetzius.

416 2156 571 2210 τέλεον]
602 2155 776 2195 Plenum
803 2156 886 2210 jus,
912 2155 1025 2211 quod
1054 2156 1262 2198 obtinente
1289 2155 1412 2197 choro
1439 2171 1575 2196 severe
1598 2155 1795 2212 puniendi

359 2222 513 2263 fuerint
532 2221 711 2277 AEgypti
731 2221 816 2262 filii.
871 2222 924 2262 Id
945 2222 1100 2263 etiamsi
1123 2222 1217 2263 fatis
1235 2222 1491 2263 obstantibus
1520 2222 1631 2262 haud
1651 2237 1792 2263 conce-

360 2288 461 2328 dant
493 2287 565 2337 dii,
600 2287 670 2327 sed
706 2296 865 2328 tantum
897 2302 991 2328 vere
1022 2288 1196 2337 oderint,
1220 2288 1259 2328 h.
1287 2303 1324 2327 e.
1360 2287 1464 2327 serio
1494 2287 1792 2342 prohibuerint,

360 2355 443 2395 vim
472 2370 519 2396 ac
548 2353 835 2395 contumeliam
855 2353 1038 2403 istorum,
1062 2363 1195 2394 tamen
1217 2353 1279 2394 vel
1309 2353 1363 2394 sic
1386 2353 1521 2409 justos
1546 2368 1614 2393 eos
1633 2353 1795 2394 futuros

361 2436 446 2462 esse
477 2421 629 2476 illoque
665 2436 706 2462 se
739 2435 815 2475 pro
848 2419 1044 2460 modestia
1083 2435 1156 2460 sua
1187 2429 1423 2461 contentum
1461 2419 1549 2460 fore
1582 2419 1794 2475 significat.

362 2488 547 2528 BOTH.
605 2488 707 2528 Post
726 2486 845 2527 αἶσαν
863 2501 1020 2526 comma
1039 2493 1228 2541 ponatur.

419 2555 484 2595 80.
507 2555 650 2605 ἐτύμως
669 2552 894 2594 Arnaldus.
928 2554 1087 2604 ἑτοίμως
1106 2552 1211 2594 libri.

419 2621 667 2674 στυγοῦντες]
692 2621 902 2672 στύγοντες
922 2619 987 2660 Μ.
1010 2619 1151 2660 Guelf.
1173 2618 1265 2659 Ald.
1288 2618 1396 2659 Rob.

418 2688 486 2730 82.
517 2688 588 2728 κᾶκ
615 2686 805 2740 πολέμου]
837 2686 908 2726 κάκ
935 2684 1131 2736 πτολέμου
1159 2684 1297 2740 vulgo.
1340 2683 1628 2735 κακοπτολέμου
1650 2682 1790 2725 Guelf.

361 2754 465 2796 Ald.
488 2754 624 2794 Turn.

418 2822 484 2877 83.
509 2820 632 2873 ''Apns
662 2818 852 2873 φυγάσιν]
884 2817 1120 2868 Scholiasta,
1142 2818 1204 2859 καὶ
1225 2821 1304 2860 τοῖς
1322 2817 1397 2859 ὑπὸ
1418 2817 1591 2869 πολέμου
1619 2815 1791 2869 τειρομέ-

361 2905 441 2932 νοις
461 2888 523 2930 καὶ
542 2885 815 2940 τετραμμένοις
835 2887 890 2928 εἰς
909 2884 1038 2937 φυγὴν
1057 2885 1250 2936 δαιμόνων
1270 2883 1410 2935 σέβας,
1429 2885 1530 2936 ῥῦμα
1548 2885 1615 2934 τῆς
1632 2882 1793 2934 βλάβης
