1962 3224
601 152 692 195 AD
723 151 1169 195 CHOEPHORAS.
1535 151 1621 193 485

155 268 271 321 ξένον
307 268 376 312 τὸν
404 266 602 322 Ὀρέστην
637 270 764 315 καλεῖ,
795 266 861 309 ἵνα
895 263 1067 317 δόξωσιν
1102 265 1266 319 ἀγνοεῖν
1297 262 1342 305 τὸ
1375 264 1619 316 σκαιῶρημα.

156 337 389 380 BLOMF.

212 404 330 462 ἁνὴρ]
352 405 450 459 ἀνὴρ
469 405 580 447 libri.

214 483 309 530 732.
339 474 518 516 Κίλισσα
548 474 615 516 Μ.
640 473 776 514 Turn.
824 472 992 513 κιλίσσω
1021 468 1166 512 Guelf.
1189 467 1290 510 Ald.
1336 467 1534 510 Γείλισσα
1562 467 1619 509 R.

157 541 300 599 Steph.
351 541 580 584 Scholiasta
608 540 661 583 ad
693 555 731 581 v.
755 551 852 595 733.
886 539 1106 581 Γείλισσαν
1129 536 1173 579 δέ
1204 542 1307 591 φησι
1335 538 1408 589 τὴν
1425 534 1622 589 Ὀρέστου

154 603 317 664 τροφὸν,
348 611 549 664 Πίνδαρος
572 611 616 652 δὲ
649 607 795 666 (Pyth.
830 621 897 658 11,
922 606 1011 661 25.)
1042 604 1270 660 Ἀρσινόην,
1303 606 1550 660 Στησίχορος
1576 605 1620 646 δὲ

155 677 418 731 Λαοδάμειαν.
469 677 742 721 Laodamiam
767 676 892 718 etiam
920 674 1184 732 Pherecydes
1212 673 1327 731 apud
1358 673 1620 716 scholiastam

157 746 342 789 Pindari.
394 747 574 789 Κίλισσα
598 744 714 803 apud
735 743 988 800 AEschylum
1019 757 1169 784 nomen
1189 751 1252 784 est
1272 757 1354 784 non
1384 741 1620 799 proprium,

157 814 228 857 sed
247 814 416 872 gentile.
443 813 580 856 Schol.
602 811 820 869 Aristoph.
843 812 941 854 Pac.
962 812 1061 868 362.
1085 814 1290 853 Κιλλικῶν
1310 811 1354 853 δὲ
1375 809 1522 862 ἐκλήθη
1542 809 1620 852 ἀπὸ

158 884 354 935 Κιλίσσ-ης
371 884 535 936 τροφοῦ.
566 881 761 939 Epyaxa,
780 878 956 922 Cilicum
978 879 1086 937 regis
1106 894 1228 931 uxor,
1251 880 1430 922 Κίλισσα
1448 888 1622 921 vocatur

157 951 211 993 ab
232 950 433 1007 Xenoph.
454 949 597 992 Anab.
622 962 662 1002 1,
682 962 723 1000 2,
749 960 814 991 12.

217 1029 316 1075 733.
338 1018 522 1073 ἄμισθος]
548 1016 788 1069 Scholiasta,
809 1016 1055 1068 κακόμισθος·
1088 1015 1234 1069 δάκρυα
1253 1017 1331 1069 γὰρ
1350 1019 1544 1069 προξενεῖ.
1611 1016 1614 1018 ’

217 1100 239 1142 7
244 1100 313 1143 34.
335 1086 424 1132 τοὺς
442 1085 593 1141 ξένους]
621 1084 863 1127 Lectionem
883 1082 1071 1125 vitiosam
1091 1083 1252 1126 notavit
1272 1084 1498 1126 Porsonus.
1539 1086 1624 1128 τοῖς

158 1155 286 1208 ξένοις
306 1153 516 1198 Pauwius.

218 1224 313 1279 738.
347 1222 456 1278 θέτο]
488 1222 599 1265 ἔθετο
620 1220 854 1263 Heathius:
887 1234 1025 1276 neque
1050 1218 1094 1260 in
1118 1218 1307 1262 hocloco
1326 1228 1390 1262 est
1408 1234 1485 1262 cur
1503 1219 1625 1262 omit-

160 1302 273 1335 tatur
291 1300 577 1349 augmentum.
610 1290 843 1332 BLOMF.

217 1363 458 1414 σκυθρωπῶν
478 1358 624 1416 Steph.
657 1356 889 1412 σκυθρωπόν
904 1356 998 1399 libri
1013 1355 1175 1413 reliqui.
1209 1355 1438 1410 σκυθρωπὸς
1454 1356 1623 1399 Portus.

218 1439 318 1485 739.
349 1427 545 1483 κεύθουσ’]
577 1427 729 1470 κεύθειν
754 1425 887 1480 γέλων
906 1424 1014 1467 dixit
1046 1433 1095 1467 ut
1121 1425 1298 1466 Homer.
1334 1423 1418 1467 Od.
1449 1427 1501 1477 T,
1525 1436 1621 1469 212.

160 1498 264 1553 δόλῳ
285 1498 320 1539 δ’
341 1497 411 1550 ὅγε
430 1495 577 1549 δάκρυα
596 1498 723 1537 κεῦθε.
754 1493 1063 1536 ABRESCH.

215 1564 356 1606 Aldus
390 1573 431 1605 et
462 1563 691 1605 Turnebus
719 1562 1025 1619 inter-pungunt
1058 1569 1154 1618 post
1184 1563 1327 1612 καλῶς,
1355 1569 1398 1602 et
1428 1559 1624 1618 deinceps

160 1631 372 1681 exhibent,
394 1631 461 1673 hic
486 1632 629 1684 κείνης,
650 1630 719 1672 ille
741 1646 838 1672 vero
858 1632 978 1683 κείνη.
1039 1628 1310 1673 Robortellus
1330 1628 1622 1683 διαπεπραγμέ-

162 1717 244 1744 νοις
279 1704 411 1742 καλῶν
442 1700 563 1756 κείνῃ.
594 1699 822 1741 BLOMF.
874 1700 1052 1740 “Hunc
1084 1698 1220 1740 locum
1261 1698 1338 1740 sibi
1374 1697 1624 1740 imitandum

162 1768 377 1826 proposuit
398 1767 550 1824 Eurip.
570 1767 612 1808 in
633 1768 771 1810 Orest.
792 1783 831 1808 V.
854 1780 869 1808 1
882 1779 976 1810 121.
998 1767 1071 1810 ubi
1093 1767 1298 1825 Pylades:

333 1848 451 1901 γόους
468 1846 566 1899 πρὸς
585 1845 703 1888 αὐτὸν
723 1845 938 1898 θήσομεσθ’
959 1846 985 1888 ἃ
1003 1846 1229 1901 πάσχομεν.

162 1932 216 1974 ad
237 1932 327 1974 haec
346 1932 536 1974 Orestes:

334 2009 425 2051 ὥστ’
449 2011 686 2063 ἐνδακρΰσαί
702 2008 738 2063 γ’
761 2008 924 2052 ἔνδοθεν
945 2008 1180 2064 κεχαρμένη.

163 2105 206 2136 et
226 2110 266 2135 v.
289 2106 414 2150 1319.
434 2092 627 2135 Electra:

336 2173 442 2227 κάγὼ
463 2172 715 2226 σκυθρωποὺς
735 2171 920 2225 ὀμμάτων
939 2172 1013 2224 ἔξω
1034 2173 1162 2225 κόρας,

335 2241 387 2286 ὦς
406 2243 524 2293 δῆθεν
543 2240 612 2283 οὐκ
633 2242 758 2283 εἰδυῖα
775 2239 1106 2294 τάξειργασμένα.

165 2334 213 2367 ut
230 2335 273 2367 et
294 2324 489 2383 Sophocl.
508 2324 667 2367 Electr.
690 2339 729 2366 v,
753 2324 851 2366 808.

336 2413 395 2468 ἆρ’
415 2415 507 2467 ὑμὶν
527 2415 578 2459 ὣς
597 2415 780 2468 ἀλγοῦσα
801 2412 1055 2466 κώδυνωμένη

338 2485 470 2526 δεινῶς
489 2485 679 2535 δακρῦσαι
698 2483 963 2523 κάπικωκῦσαι
983 2483 1093 2522 δοκεῖ

338 2549 408 2591 τὸν
426 2549 512 2591 υἱὸν
530 2549 555 2602 ἡ
574 2550 762 2601 δύστηνος
780 2548 844 2590 ὧδ’
866 2549 1076 2600 ὀλωλότας

338 2616 428 2658 ἀλλ’
451 2617 662 2670 ἐγγελῶσα
681 2615 885 2670 φροῦδος.”
932 2616 1243 2658 ABRESCH.

228 2731 324 2774 740.
345 2719 448 2773 ἔχει]
473 2717 582 2772 ἔχειν
603 2718 670 2759 Μ.
693 2716 836 2758 Guelf.
858 2716 960 2758 Ald.

226 2799 321 2842 741.
348 2786 436 2841 ὑφ’]
470 2784 552 2839 ὕφ’,
573 2799 669 2826 cum
688 2794 876 2835 accentu,
898 2783 1084 2826 scribunt
1103 2782 1310 2826 Abrescb.
1333 2783 1502 2827 Schutz.
1553 2785 1628 2828 Ni-

166 2857 244 2898 mis
263 2855 435 2898 curiose.
469 2854 580 2896 Nam
601 2851 853 2895 constructio
872 2860 1009 2908 potest
1028 2866 1115 2894 esse
1135 2850 1202 2904 ὖφ’
1223 2851 1269 2903 ἧς
1289 2851 1430 2905 φήμης,
1452 2863 1499 2895 ut
1518 2869 1626 2911 prae-
1702 2900 1705 2903 ,

167 2923 317 2981 positio
335 2922 488 2965 arctius
507 2935 601 2964 cum
624 2919 866 2977 pronomine
885 2919 1105 2962 cohaereat.
1139 2920 1371 2962 BLOMF.
