1962 3224
567 181 657 222 AD
688 179 1111 222 AGAMEMNON
1116 180 1226 221 EM.
1551 179 1638 222 377

223 295 322 336 660.
343 297 534 336 ναυτικῶν
554 293 585 334 τ’
608 293 809 348 ἐρειπίων]
835 292 1055 334 Genitivos
1084 292 1239 334 librarii
1271 303 1502 349 posuerunt
1532 308 1639 349 prae-

164 362 407 404 cedentibus
426 360 588 418 decepti
608 360 801 417 genitivis
824 361 978 414 ἀνδρῶν
997 359 1190 415 Ἀχαιῶν.
1240 359 1514 401 Scribendum
1548 377 1638 402 ναυ-

164 434 283 474 τικοῖς
302 429 334 472 τ’
357 431 540 480 ἐρειπίοις
559 445 652 472 cum
679 429 873 471 Stanleio.

221 499 318 540 662.
349 497 372 550 ἢ
401 497 611 552 ’ξῃρήσατο
645 497 916 538 Hermannus
950 495 1065 553 apud
1099 495 1288 538 Lobeck.
1320 494 1374 537 ad
1406 494 1635 552 Phrynich.

163 581 206 623 p.
230 567 327 619 718.
379 565 624 623 Legebatur
643 563 668 617 ἢ
686 564 910 617 ’ξῃτήσατω

222 635 320 686 664.
355 637 452 675 ναῦν
486 631 672 674 στελοῦσ’
701 633 914 674 Porsonus
949 648 1000 674 ex
1036 632 1207 674 Canteri
1239 632 1490 690 conjectura.
1539 637 1638 674 ναῦν

164 700 323 743 θέλουσ’
343 700 451 744 libri.
503 699 808 757 Corrigendum
832 700 1094 742 ναυστολοῧσ’
1117 716 1213 742 cum
1236 701 1502 743 Casaubono.

221 769 320 824 665.
343 770 388 811 ἐν
407 768 533 825 ὅρμῳ]
554 768 644 810 Ubi
661 768 850 825 inprimis
866 768 1095 826 periculosa
1113 770 1279 822 κύματος
1292 769 1401 822 ζάλη.
1425 770 1637 811 PAUW.

222 838 321 893 673.
341 835 468 892 ταῦτ’]
491 835 595 880 ταῦτ’
620 836 841 879 Stanleius.

221 906 322 947 680.
345 906 493 960 κλύων]
519 906 654 948 κλύειν
676 906 731 946 Τ.
753 905 866 962 quod
890 905 1218 962 superscriptum
1240 905 1283 947 in
1305 905 1373 947 Fl.

222 973 754 1029 681—698=699—716.

223 1043 755 1097 717—726=727—736·

222 1110 753 1165 737—749=750-762·

223 1179 752 1234 763—772=773—782-

220 1247 317 1288 681.
336 1247 434 1289 682.
466 1256 508 1287 et
538 1247 634 1302 683.
658 1247 758 1298 684.
789 1255 829 1287 et
859 1246 958 1287 686.
981 1246 1080 1299 687.
1111 1245 1151 1286 in
1185 1261 1315 1287 unum
1345 1261 1510 1287 versum
1539 1261 1636 1288 con-

157 1314 365 1372 jungendi
385 1314 623 1372 pariterque
642 1314 683 1356 in
705 1314 977 1371 antistrophe.

220 1385 316 1435 684.
338 1384 563 1436 προνοίαισι
585 1382 795 1425 Pauwius.
826 1383 1030 1437 προνοίαις
1049 1382 1158 1424 libri.

221 1451 320 1506 685.
341 1455 538 1505 γλῶσσαν
558 1452 603 1493 ἐν
623 1452 723 1507 τύχᾳ
743 1450 892 1504 νέμειν,
914 1460 975 1492 est
998 1450 1185 1508 linguam
1208 1465 1351 1492 eorum
1374 1450 1446 1507 qui
1468 1451 1637 1493 nomina

162 1519 385 1576 imponunt
418 1519 460 1561 in
496 1519 575 1561 hoc
610 1519 785 1561 fortuito
824 1519 992 1576 negotio
1031 1519 1090 1561 ita
1129 1534 1285 1575 regere,
1321 1527 1370 1560 ut
1404 1519 1560 1562 incidat
1593 1520 1636 1562 in

161 1587 480 1645 appellationem
501 1588 727 1630 ominosam
750 1597 790 1629 et
812 1587 946 1629 futuri
967 1596 1141 1630 eventus
1160 1587 1354 1630 indicem.
1388 1590 1522 1631 SCH.

221 1657 318 1699 686.
345 1659 414 1698 τᾶν
434 1657 722 1712 δορίγαμβρον]
751 1657 887 1705 Quam
909 1658 1053 1713 sponsi
1074 1658 1209 1698 armis
1227 1663 1392 1713 petunt.

222 1725 321 1779 689.
353 1724 511 1780 ἑλένας]
544 1724 819 1766 Scribendum
857 1724 1024 1768 ἑλέναυς
1057 1739 1152 1766 cum
1182 1724 1446 1766 Blomfieldo.
1494 1725 1637 1769 ἑλένας

162 1792 350 1834 defendit
371 1793 609 1835 Lobeckius
631 1793 881 1850 Paralipom.
904 1809 946 1850 p.
970 1792 1069 1837 228.
1122 1793 1190 1834 De
1211 1792 1474 1850 etymologiis
1499 1793 1633 1834 nomi·

162 1876 264 1902 num
294 1862 558 1919 propriorum
590 1862 705 1919 apud
727 1861 904 1919 tragicos
925 1861 1131 1903 videndus
1152 1860 1378 1903 Elmsleius
1404 1862 1459 1903 ad
1479 1861 1633 1918 Eurip.

163 1930 316 1972 Bacch.
335 1930 437 1986 508.

222 2000 321 2054 690.
354 1998 475 2040 Libri
505 2000 743 2052 ἁβροτίμων.
795 1997 1036 2051 ἁβροπήνων
1075 1997 1311 2039 emendatio
1343 2006 1404 2039 est
1447 1996 1635 2039 Salmasii

164 2067 314 2108 Exere.
347 2081 388 2123 p.
417 2067 485 2120 78.
516 2082 552 2108 a.
583 2067 638 2108 D.
672 2081 798 2123 quam
830 2065 941 2107 tueri
966 2064 1134 2106 videtur
1166 2065 1381 2123 Lycophr.
1413 2066 1510 2122 863.
1544 2065 1632 2118 μήθ’

163 2133 412 2187 ἆβροπήνους
433 2132 769 2187 ἆμφιβάλλεσθαι
788 2132 979 2176 πέπλους.
1034 2134 1172 2190 Supra
1188 2134 1480 2176 observaverat
1501 2136 1633 2176 Tzet-

163 2217 244 2252 zes,
277 2202 463 2256 γίνωσκε,
495 2201 525 2243 ὦ
560 2203 793 2256 Λυκόφρων,
826 2202 886 2243 ὅτι
917 2203 1027 2245 τίνας
1061 2203 1135 2254 μὲν
1169 2203 1299 2255 λέξεις
1327 2202 1393 2244 ἀπ’
1426 2204 1634 2257 Αἰσχύλου

164 2269 352 2314 κλέπτεις.
385 2271 619 2312 BLOMF.

220 2340 316 2394 691.
348 2338 623 2392 προκάλυμμα,
659 2339 861 2381 Velamen.
908 2340 1064 2381 Januae
1094 2338 1371 2381 thalamorum
1398 2339 1631 2381 obtentum.

162 2406 424 2459 προκάλυμμα
447 2406 528 2448 dici
557 2416 695 2464 potest
714 2407 838 2450 etiam
860 2407 913 2449 de
933 2407 1136 2450 velamine
1166 2407 1356 2465 nuptiali.
1410 2407 1501 2449 Vid.
1525 2407 1634 2450 infra

166 2474 289 2526 1178.
322 2474 556 2517 BLOMF.

221 2543 320 2597 692.
343 2543 550 2600 γίγαντος]
573 2543 760 2600 Hesych.
780 2544 972 2598 μεγάλου,
996 2547 1175 2599 ἰσχυροῦ.
1210 2544 1438 2586 KLAUS.

219 2611 316 2665 693.
349 2612 589 2664 πολύανδροι
620 2613 783 2666 κυναγοὶ
811 2628 890 2669 pro
913 2614 1063 2654 πολλοὶ
1083 2614 1225 2666 ἄνδρες
1256 2612 1431 2665 κυναγοὶ.
1485 2613 1631 2668 Copiae

163 2678 410 2719 Graecorum
443 2678 651 2735 Trojanos
681 2680 735 2721 ob
766 2691 935 2736 raptum
972 2680 1148 2722 Helenae
1178 2679 1287 2721 bello
1322 2690 1630 2736 persequentes,

161 2761 255 2787 cum
288 2746 556 2788 venatoribus
584 2757 682 2804 apte
714 2759 1034 2805 comparantur3
1066 2758 1107 2790 et
1142 2748 1220 2789 hac
1251 2748 1517 2789 translatione
1548 2763 1632 2789 ser-

162 2823 258 2855 vata
296 2822 421 2871 poeta
459 2830 627 2856 cursum
660 2831 802 2857 eorum
846 2815 1099 2858 maritimum
1139 2816 1197 2857 ita
1235 2815 1446 2867 describit,
1477 2825 1525 2858 ut
1562 2831 1632 2858 eos

162 2881 390 2923 secundum
414 2882 587 2939 vestigia
606 2883 791 2935 navium,
812 2884 968 2941 quibus
1000 2884 1166 2927 Helena
1191 2895 1334 2926 avecta
1354 2883 1508 2936 fuerat,
1528 2884 1632 2927 invi-

859 2965 934 3007 3Β
