1962 3224
349 197 434 236 388
821 197 1315 239 ANNOTATIONES

407 317 502 359 913.
524 304 598 346 σὺν
619 304 748 346 Scrib.
770 306 838 356 ξὺν
857 321 951 347 cum
974 307 1170 348 Porsono.

407 371 502 424 916.
519 371 690 426 μακράν]
715 371 902 412 Subaudi
921 374 1048 425 ῥῆσιν.
1097 373 1163 414 Sic
1182 374 1333 425 μακρὰν
1353 372 1502 413 ἔτεινας
1531 370 1638 411 infra
1664 371 1782 425 1296.

350 436 542 492 Sophocl.
564 437 635 492 Aj.
663 451 781 489 1040.
802 438 854 489 μὴ
874 442 976 479 τεῖνε
994 451 1159 491 μακράν.
1188 438 1339 491 μακράν
1360 437 1396 491 γ’
1418 437 1466 478 ἂν
1493 436 1666 487 ἐξέτεινα
1695 438 1784 478 Eu-

346 501 422 557 rip.
453 501 570 542 Med.
599 513 718 555 1347.
770 502 896 543 Plene
928 503 1048 544 Plato
1065 503 1116 544 de
1137 505 1244 559 Rep.
1270 517 1332 544 10.
1362 518 1402 558 p.
1427 504 1521 556 605.
1544 502 1599 542 D.
1633 502 1784 553 μακρὰν

345 570 459 621 ῥῆσιν
480 569 754 612 ἇποτείνοντας
776 571 819 610 ἐν
838 573 918 612 τοῖς
938 571 1126 622 ὀδυρμοῖς.
1161 570 1389 611 BLOMF.

404 633 610 689 ἐξέτεινας]
639 634 803 675 Dicitur
821 635 873 675 de
890 636 1059 690 prolixo
1078 650 1273 686 sermone,
1293 636 1446 682 τείνειν,
1470 634 1666 680 ἐκτείνειν,
1689 634 1784 674 ἆπο-

345 701 487 741 τείνειν
515 701 663 753 μακρὸν
693 701 828 754 λόγον.
889 702 990 743 Huc
1020 702 1182 757 respicit
1203 702 1433 743 Athenaeus
1457 714 1520 755 13.
1552 715 1592 755 p.
1611 710 1707 754 573.
1732 699 1781 740 B.

347 766 546 817 καταλέξω
568 767 611 808 δέ
631 784 708 817 σοι,
733 769 944 814 Κύνουλκε,
961 767 1135 818 Ἰωνικήν
1155 785 1242 809 τινα
1260 770 1374 820 ῥῆσιν
1395 769 1578 813 ἐκτεῖνας,
1602 768 1697 806 κατὰ
1716 766 1785 806 τὸν

346 834 563 885 Αἰσχύλον,
599 834 687 885 περὶ
728 835 902 885 ἑταιρῶν.
953 834 1047 874 Vid.
1082 833 1272 874 Valcken.
1309 834 1362 874 ad
1398 833 1600 874 Herodot.
1636 844 1676 885 7,
1711 842 1784 886 51.

347 898 565 939 Heindorf.
588 899 640 940 ad
662 900 771 941 Plat.
796 900 925 955 Gorg.
947 915 989 956 p.
1008 902 1074 954 65.
1106 901 1333 941 BLOMF.

405 1010 500 1050 919.
521 996 743 1051 βαρβάρου]
760 968 968 1049 βαρβαθρου
990 997 1053 1037 Fl.

403 1074 500 1116 920.
529 1065 766 1116 χαμαιπετὲς
794 1064 943 1118 βόαμα]
981 1065 1131 1105 Sensus
1164 1073 1238 1114 est,
1270 1077 1322 1104 ne
1356 1069 1401 1103 tu
1432 1062 1534 1103 mihi
1568 1063 1785 1104 clamorem

346 1129 457 1178 edas,
493 1130 765 1169 barbarorum
800 1130 846 1169 in
880 1144 1044 1180 morem,
1077 1132 1148 1186 qui
1175 1132 1221 1170 in
1254 1136 1407 1171 terram
1435 1130 1639 1185 prostrati
1667 1143 1785 1184 reges

345 1196 524 1236 adorare
543 1197 682 1237 solent.
735 1196 800 1236 Sic
822 1206 928 1237 recte
948 1197 1239 1253 interpretatur
1259 1195 1482 1237 scholiasta.
1513 1194 1786 1248 χαμαιπετέων

346 1264 478 1315 λόγων
506 1262 620 1317 apud
651 1262 820 1303 Pindar.
843 1262 910 1304 Ol.
932 1277 970 1318 9,
997 1277 1059 1317 19.
1086 1280 1110 1304 a
1141 1263 1320 1305 Stanleio
1345 1263 1530 1312 citatum,
1552 1261 1785 1317 simpliciter

346 1329 453 1370 valet
481 1329 701 1370 humilium
729 1344 974 1371 sermonum.
1006 1332 1241 1383 χαμαιπετὲς
1270 1330 1360 1373 ἔπος
1381 1329 1506 1385 Pyth.
1529 1330 1568 1378 6,
1589 1340 1660 1382 37.
1684 1329 1786 1368 irri-

347 1401 449 1445 tum,
468 1396 514 1436 in
535 1401 685 1437 terram
705 1397 917 1437 caducum.
949 1396 1043 1437 Vid.
1066 1396 1254 1452 Choeph.
1272 1397 1368 1450 966.
1390 1395 1619 1437 BLOMF.
1653 1394 1786 1446 βόημα

347 1462 412 1502 Fl.
435 1463 492 1503 T.

404 1542 499 1584 923.
532 1528 715 1583 κάλλεσι]
746 1530 930 1571 Vestibus
944 1544 1140 1586 purpura
1162 1530 1316 1579 tinctis,
1337 1531 1562 1581 πορφυροῖς.
1599 1525 1783 1581 Hesych.

347 1595 532 1652 Etymol.
555 1596 618 1636 M.
640 1610 683 1651 p.
704 1596 803 1648 486,
823 1596 892 1648 46.
913 1598 962 1637 τὰ
980 1600 1160 1649 πορφυρᾶ
1178 1598 1266 1649 γὰρ,
1290 1595 1415 1646 κάλλη
1442 1596 1666 1635 ἐκαλοῦντο.
1707 1594 1783 1634 Εὕ-

345 1667 472 1713 πολις,
495 1662 664 1703 Βάπτειν
692 1664 741 1703 τὰ
772 1662 898 1714 κάλλη
918 1664 1134 1715 περίσεμνα
1163 1665 1208 1714 τῇ
1239 1665 1328 1717 θεῷ.
1363 1663 1426 1714 (τὰ
1444 1662 1659 1713 περίσεμνα
1689 1658 1785 1700 Pol-

345 1731 419 1770 lux
440 1741 480 1782 7,
506 1742 570 1780 14.
595 1728 675 1770 vid.
699 1729 872 1770 Porsoni
893 1729 1007 1769 Adv.
1039 1745 1079 1785 p.
1104 1730 1215 1782 287.)
1250 1729 1311 1769 καὶ
1338 1729 1548 1781 Αἰσχύλος,
1568 1725 1641 1767 Ἐν
1663 1726 1785 1766 ποικί-

345 1801 431 1839 λοις
451 1797 526 1849 γὰρ
548 1795 688 1846 θνητὸν
707 1797 802 1836 ὄντα
828 1795 1192 1836 κάλλεσιν-ἔνθεν
1220 1795 1281 1835 καὶ
1307 1794 1350 1835 τὸ
1373 1793 1600 1835 καλλάϊνον.
1629 1793 1712 1833 ἔστι
1742 1794 1783 1833 δὲ

345 1867 481 1916 χρῶμα
501 1862 681 1914 ἀνθηρόν.
734 1861 905 1908 Suidas3
939 1861 1141 1902 Καλάϊνον
1160 1866 1307 1915 χρῶμα.
1354 1861 1564 1913 Αἰσχύλος,
1597 1861 1640 1900 ἐν
1663 1860 1784 1900 ποικί-

345 1934 431 1971 λοις
457 1929 635 1969 κάλλεσι.
680 1927 869 1969 Photius.
890 1927 1447 1981 “Ημεροκαλλές-φοινικοῦν
1467 1926 1571 1978 ἔριον
1590 1929 1786 1966 διαπεποι-

347 1994 716 2046 κιλμένον-κάλλη
737 1995 779 2035 δὲ
798 1996 1129 2048 προσαγορεύεται
1148 1997 1196 2035 τὰ
1215 1995 1325 2045 ἄνθη.
1367 1992 1556 2034 Exscribi
1577 2002 1786 2032 merentur

345 2061 471 2101 verba
492 2060 750 2116 Perictyonae
778 2075 844 2116 ap.
869 2060 982 2101 Stob.
1003 2076 1047 2116 p.
1066 2062 1166 2115 465.
1195 2059 1218 2111 ἢ
1248 2062 1462 2113 ὃιαφᾶσθαι
1493 2059 1628 2109 εἵματα
1658 2059 1786 2098 εἰκότα

345 2129 436 2179 λίην
460 2128 522 2168 καὶ
537 2129 695 2168 ποικίλα
715 2127 792 2168 ἀπὸ
813 2129 1035 2179 θαλασσίης
1053 2128 1206 2181 βάψιος
1225 2131 1293 2169 τοῦ
1313 2124 1509 2180 κόχλου,ἢ
1529 2126 1653 2176 ἄλλης
1667 2126 1786 2178 χρόης

345 2193 594 2240 πολυτελέος,
615 2195 736 2246 μωρίη
757 2193 900 2244 πολλή.
933 2194 1159 2235 BLOMF.

403 2262 497 2313 926.
519 2261 811 2313 ποδόψηστρον,
833 2261 1018 2301 ΙΙΙαπιὶἶε
1037 2261 1094 2300 ad
1104 2262 1232 2316 pedes
1251 2259 1553 2315 abstergendos.
1604 2259 1786 2311 Tapetes

346 2325 418 2381 qui
448 2325 622 2380 pedibus
648 2326 976 2366 substernuntur.
1021 2326 1155 2366 Schol.
1185 2325 1261 2366 ἀπὸ
1285 2327 1508 2376 μεταφορᾶς
1533 2325 1709 2372 πέπλων,
1737 2323 1783 2364 δι’

347 2394 401 2433 ὧν
439 2392 526 2435 τοὺς
555 2393 676 2434 πόδας
709 2391 974 2442 ε’κμάσσοντες
1011 2391 1302 2444 λαμπροτέρους
1339 2394 1518 2431 ποιοῦσιν
1556 2391 1593 2430 οἱ
1630 2391 1786 2433 τούτους

349 2460 605 2500 ἐκπλύνοντες
625 2461 811 2511 συνεχῶς.
842 2458 1100 2510 ποδόψηστρα
1120 2459 1194 2510 γὰρ
1223 2458 1356 2508 κυρίως
1376 2459 1495 2497 ταῦτα
1513 2455 1685 2508 λέγεται.
1716 2459 1786 2496 νῦν

348 2527 391 2566 δὲ
410 2527 459 2566 τὰ
477 2526 552 2566 ὑπὸ
572 2524 659 2567 τοὺς
672 2527 792 2567 πόδας
809 2526 942 2567 ἁπλῶς
960 2525 1094 2565 πέπλα
1113 2525 1231 2566 οὕτως
1251 2524 1390 2575 εἴρηκε.
1422 2522 1651 2562 BLOMF.

404 2593 600 2640 ποικίλον,
648 2592 775 2632 Vestis
824 2592 1057 2647 variegata.
1103 2590 1253 2642 ἱμάτιον
1287 2589 1550 2642 ζωγραφητόν.
1601 2587 1782 2642 Hesyeh.

349 2658 537 2701 Photius.
560 2659 760 2699 Ποικίλον.
792 2657 836 2697 τὸ
867 2657 1128 2698 Διονυσιακὸν
1158 2656 1308 2708 ἱμάτιον
1329 2656 1448 2697 οὕτως
1478 2655 1630 2707 ἔλεγον.
1653 2658 1786 2710 tragi-

348 2741 438 2767 cam
473 2725 646 2781 pallam.
697 2723 907 2767 Theocrit.
942 2734 1009 2778 15,
1040 2724 1107 2776 78.
1142 2728 1191 2764 τᾶ
1223 2723 1382 2763 ποικίλα
1410 2725 1562 2774 πρῶτον
1598 2721 1782 2773 ἄθρησον,

349 2794 484 2834 Λεπτᾶ
524 2792 587 2832 καὶ
620 2791 671 2833 ὡς
707 2791 906 2844 χαρίεντα·
941 2793 1040 2831 θεῶν
1077 2789 1326 2842 περονάματα
1364 2792 1519 2841 φασεῖς.
1569 2786 1782 2842 Aristoph.

349 2858 464 2900 Plut.
493 2872 507 2898 1
521 2871 610 2912 199.
634 2858 782 2910 ἔχουσα
802 2855 832 2896 δ’
853 2856 971 2908 ἦλθες
991 2856 1085 2908 αὐτὴ
1103 2857 1271 2898 ποικίλα.
1305 2854 1533 2896 BLOMF.
