1962 3224
401 189 484 232 610
875 191 1370 232 ANNOTATIONES

401 302 514 343 verbi
534 304 769 356 παροίχομαι
788 302 939 358 Eurip.
962 302 1080 344 Med.
1105 304 1198 356 964.
1223 305 1358 355 μοίρας
1377 304 1474 344 ὅσον
1494 304 1684 357 παροίχει,
1705 316 1837 359 quem·

403 375 489 410 tum
533 384 561 409 a
600 371 785 425 pristina
814 371 1006 424 fortuna
1047 370 1248 419 eoecz'disti,
1288 369 1537 424 comparavit
1576 371 1840 410 Hermannus

403 437 556 491 Opusc.
580 436 658 476 vol.
679 449 718 490 3.
740 451 780 491 p.
807 437 901 479 228.
924 436 995 490 qui
1018 436 1079 476 καὶ
1108 435 1226 488 κάρτα
1255 435 1426 491 scripsit,
1448 436 1558 491 quod
1586 435 1839 477 scholiastam

403 502 546 558 legisse
565 503 768 558 opinatur.

456 581 552 623 453.
585 569 687 610 θέλω
718 569 748 610 δ’
772 569 1076 622 ἇΐδρις-κακῶν
1096 568 1313 624 dupliciter
1338 569 1508 624 intelligi
1534 579 1682 626 potest,
1704 570 1767 611 vel
1794 578 1841 611 ut

400 635 689 690 experientiam
728 637 926 676 malorum
967 636 1219 691 deprecetur,
1254 636 1318 675 vel
1358 645 1405 676 ut
1437 635 1583 676 falsum
1624 653 1665 678 se
1703 637 1841 693 potius

401 717 525 756 qnam
560 717 699 742 verum
732 712 772 743 et
801 702 1091 757 intelligentem
1123 701 1319 742 malorum
1348 711 1479 742 vatem
1510 718 1595 743 esse
1615 704 1722 744 velit.
1781 704 1841 744 Et

402 769 506 809 hanc
545 769 586 808 in
628 778 783 824 partem
824 768 1054 808 scholiastes
1093 783 1258 822 quoque
1297 769 1463 823 accepit.
1535 769 1666 810 Priori
1705 780 1840 811 tamen

402 835 546 875 rationi
567 835 689 884 favet,
711 835 823 890 quod
848 834 1047 890 posterior
1074 849 1213 875 sensus
1243 836 1506 890 sequentibus
1525 837 1659 877 verbis
1686 837 1840 890 γένοιτο

401 901 556 952 -ἐμὴν
576 901 832 956 exprimitur.
866 901 996 941 SCH.

458 980 511 1021 45
514 979 554 1022 5.
575 969 752 1022 πολλῶν]
778 972 940 1008 πολλῶν
959 967 991 1007 τ’
1013 966 1113 1008 Ald.
1145 972 1307 1008 πολλῶν
1329 969 1466 1009 Turn.
1496 973 1652 1011 πολλᾶν
1673 969 1784 1010 Rob.

457 1036 554 1088 456.
577 1035 657 1088 καὶ]
681 1034 734 1087 χᾶ
758 1033 1042 1074 Wakefieldus
1065 1033 1158 1075 Silv.
1180 1034 1268 1074 crit.
1289 1047 1327 1089 3.
1349 1050 1388 1090 p.
1410 1035 1479 1087 48.

459 1111 556 1155 457.
591 1100 800 1156 στρόβους]
839 1099 1082 1155 Legendum
1120 1102 1326 1153 στρόφους.
1369 1103 1539 1154 Στρόφοι
1573 1102 1766 1143 dicuntur
1798 1103 1841 1144 in

405 1166 593 1207 muliebri
632 1167 783 1208 amictu
825 1167 998 1215 vincula,
1038 1166 1189 1222 quibus
1229 1168 1411 1222 superior
1449 1183 1544 1224 pars
1578 1169 1699 1209 vestis
1735 1169 1842 1211 infra

407 1233 578 1290 papillas
598 1244 683 1274 erat
703 1233 846 1274 cincta.
878 1233 1032 1274 Catull.
1055 1234 1236 1290 Epithal.
1261 1235 1387 1276 Ther.
1406 1251 1443 1275 v.
1459 1237 1523 1290 65.
1548 1237 1743 1292 Strophio
1762 1238 1842 1277 lac-

406 1307 539 1341 tantes
561 1302 699 1341 vincta
714 1301 911 1355 papillas.
958 1301 1196 1356 Utrumque
1215 1312 1322 1342 certe
1341 1301 1443 1342 illud
1463 1302 1615 1356 cinguli
1636 1303 1843 1344 muliebris

404 1376 477 1408 aut
500 1367 667 1422 virginei
687 1381 831 1422 genus,
854 1382 937 1422 quo
962 1366 1069 1407 infra
1098 1367 1279 1423 papillas,
1301 1384 1347 1409 ac
1377 1379 1573 1424 praeterea
1601 1384 1727 1424 supra
1755 1379 1843 1411 ute-

405 1449 496 1475 rum
519 1434 718 1489 colligatae
738 1443 778 1474 et
799 1434 1014 1475 subductae
1039 1445 1154 1476 erant
1185 1436 1332 1476 tunicae
1362 1436 1441 1476 illae
1469 1447 1542 1477 aut
1561 1447 1691 1477 vestes
1718 1446 1844 1492 atque

405 1501 500 1542 inde
534 1501 771 1542 constrictos
810 1515 950 1540 earum
992 1501 1102 1542 sinus
1137 1501 1200 1542 hic
1239 1502 1367 1557 tangit
1405 1503 1639 1544 Danaidum
1680 1503 1840 1545 chorus.

409 1569 523 1609 Male
553 1576 689 1609 autem
720 1568 786 1608 hic
815 1567 967 1622 legitur
998 1570 1205 1620 στρόβους,
1232 1584 1360 1624 quum
1392 1580 1438 1610 ut
1464 1570 1542 1610 alia
1571 1570 1722 1619 sileam,
1748 1585 1843 1611 eum

407 1637 596 1688 στροφίου
637 1636 891 1690 frequentem
932 1650 1018 1675 eam
1058 1635 1098 1676 in
1139 1651 1221 1676 rem
1257 1652 1373 1677 usum
1406 1637 1518 1693 apud
1554 1637 1766 1678 Comicum
1800 1638 1843 1679 in

409 1703 662 1759 Thesmoph.
682 1719 729 1744 ac
750 1703 980 1758 Lysistrata
1007 1713 1046 1744 et
1071 1704 1165 1745 inde
1194 1705 1282 1746 loco
1304 1705 1389 1760 jam
1421 1705 1600 1746 adducto
1628 1705 1740 1760 apud
1761 1706 1841 1746 Ca-

407 1770 554 1811 tullum
587 1772 816 1827 strophium
846 1771 1021 1827 legatur,
1049 1780 1137 1812 tum
1168 1772 1306 1812 eadem
1340 1787 1436 1812 voce
1467 1773 1638 1824 στρόφου
1669 1787 1744 1827 pro
1773 1771 1844 1812 tali

407 1837 571 1892 cingulo
591 1847 662 1878 aut
683 1853 785 1878 zona
807 1853 903 1878 usus
928 1837 978 1878 sit
1004 1837 1099 1878 alibi
1123 1839 1346 1894 AEschylus
1373 1854 1442 1879 seu
1471 1838 1619 1879 chorus
1638 1838 1843 1894 virginum

409 1904 702 1945 Thebanarum
738 1906 850 1960 Sept.
874 1905 1010 1946 Theb.
1030 1921 1067 1946 v.
1091 1906 1183 1959 876.
1216 1905 1390 1958 στροφὸν
1421 1907 1553 1956 ἐσθῆτι
1581 1905 1845 1956 περιβάλλον-

408 1988 483 2011 ται.
515 1972 734 2012 SPANH.
765 1971 816 2012 ad
840 1972 999 2012 Callim.
1022 1972 1160 2028 hymn.
1182 1972 1223 2012 in
1246 1972 1367 2013 Dian.
1388 1987 1428 2028 p.
1452 1986 1542 2026 135.
1602 1974 1731 2014 Recte
1754 1987 1842 2013 cor-

407 2037 504 2092 rigit
533 2039 738 2090 στρόφους,
772 2038 883 2093 quod
917 2039 1096 2094 Scaliger
1125 2054 1291 2095 quoque
1324 2040 1561 2096 conjecerat.
1622 2039 1846 2081 Scholiasta

409 2106 476 2147 τὰς
496 2106 671 2157 στροφὰς
691 2108 767 2145 τῶν
787 2109 926 2153 ζωνῶν.

468 2171 720 2227 Hesychius,
741 2172 863 2220 ζώνας
882 2188 924 2211 τε
945 2173 1152 2222 συλλαβὰς
1171 2172 1356 2213 πέπλωνε
1388 2174 1475 2214 ἀντὶ
1494 2177 1562 2214 τοῦ
1577 2174 1637 2216 αἷς
1655 2175 1845 2224 ζώννυμαι

411 2239 474 2278 καὶ
494 2239 763 2290 συλλαμβάνω
786 2239 874 2280 τοὺς
892 2238 1076 2281 πέπλους.

465 2306 561 2359 458.
583 2306 697 2360 τύχῃ]
722 2306 823 2358 τύχα
845 2306 954 2345 Rob.
985 2306 1108 2358 τύχαν
1128 2306 1193 2346 Μ.
1218 2305 1360 2345 Guelf.
1390 2306 1523 2359 τύχειν
1542 2305 1642 2346 Ald.

469 2372 580 2412 πέλει
602 2371 742 2412 Guelf.
774 2371 889 2411 πέλοι
909 2371 1001 2412 libri
1022 2371 1179 2426 reliqui.

466 2441 611 2492 τύχῃ-
620 2438 750 2492 πέλει]
777 2439 883 2487 Rex,
905 2438 1005 2494 quid
1025 2438 1155 2479 verbis
1176 2438 1297 2479 modo
1323 2438 1595 2493 pronuntiatis
1622 2438 1846 2493 significare

412 2506 522 2556 velit,
541 2505 653 2546 haud
672 2505 899 2560 intelligens
914 2506 1154 2562 respondet:
1190 2506 1301 2552 Quid
1320 2512 1405 2546 tum
1422 2506 1441 2545 ,9
1472 2506 1524 2545 H
1524 2519 1579 2545 aec
1595 2507 1847 2556 vestimenta,

414 2573 615 2629 (strophia
635 2581 675 2614 et
697 2574 828 2626 zonae)
851 2574 1070 2614 mulierum
1090 2573 1313 2613 conditioni
1332 2578 1461 2628 apta;
1495 2571 1537 2612 h.
1558 2587 1593 2612 e.
1616 2587 1691 2612 usu
1713 2586 1847 2627 recep-

414 2651 480 2680 tus
499 2649 559 2679 est
581 2639 644 2680 hic
664 2638 880 2680 mulierum
902 2648 1082 2680 ornatus.
1115 2639 1243 2679 SCH.

469 2719 567 2760 459.
590 2705 703 2760 καλή]
732 2709 845 2746 καλεῖ
863 2706 925 2746 Μ.
949 2705 1092 2745 Guelf.
1115 2704 1216 2745 Ald.
1238 2704 1346 2744 Rob.

470 2775 567 2823 460.
589 2772 687 2827 ἔσει]
709 2772 780 2828 ἔσῃ
800 2771 904 2812 libri.

471 2843 567 2890 461.
587 2839 821 2893 ὑποστήσει]
844 2838 1078 2889 ὑποστήσεις
1099 2836 1371 2878 Wellauerus.

470 2909 565 2959 462.
588 2906 834 2960 συζωμάτων]
858 2907 985 2947 Recte
1004 2906 1228 2957 ξυζωμάτων
1249 2905 1470 2944 Porsonus.
