1962 3224
338 181 422 222 540
810 181 1304 223 ANNOTATIONES

339 289 474 331 Oresti
493 289 730 330 inhaerentis
754 299 892 331 retusa
921 299 962 330 et
991 289 1181 331 hebetata
1209 298 1295 331 erat
1326 288 1507 345 piaculis.
1566 288 1782 330 Audacius

337 365 472 396 autem
493 355 581 411 ipse
601 356 785 408 ἀλάστωρ
805 355 956 397 dicitur
977 357 1144 407 ἇμβλύς.
1177 357 1306 397 SCH.

395 435 489 477 243.
511 423 642 478 αὐτοῦ]
664 424 803 464 καύτοῦ
825 422 1080 464 Schuetzius.

393 489 589 544 ἀναμένω]
622 491 800 541 ἀναμενῶ
839 490 1054 531 Stanleius.
1116 488 1385 530 Scribe-ndum
1419 487 1576 540 ἀμμένω
1610 487 1672 528 vel
1709 489 1781 539 ἆμ-

336 560 454 608 μευῶ.

394 635 488 676 244.
518 623 678 677 τέκμαρ]
704 624 866 679 Nempe
894 622 1144 664 Eumenides
1173 622 1337 677 fingunt
1366 636 1407 662 se
1437 630 1633 677 tanquam
1664 636 1784 663 canes

337 689 540 730 venaticas
561 690 747 730 Orestem
770 689 908 730 matris
931 689 1129 744 sanguine
1155 689 1359 729 imbutum
1391 699 1431 728 et
1461 688 1780 730 contaminatum

337 754 462 809 hujus
497 756 705 812 sanguinis
736 756 861 797 odore
892 756 1151 811 investigare,
1181 770 1266 810 quo
1295 753 1466 810 vestigia
1496 769 1666 810 quoque
1695 755 1786 810 ejus

337 820 488 862 infecta
509 821 697 863 sentiant.
732 823 859 863 SCH.

399 898 495 942 245.
521 891 733 940 μηνυτῆρος
762 887 986 941 ἀφθέγκτου
1015 891 1182 941 φραδαῖς
1211 887 1412 943 significat
1441 887 1548 942 ipsas
1575 886 1664 927 illas
1693 901 1784 927 san-

337 953 474 1009 guinis
495 963 610 994 notas
631 953 670 994 in
695 955 852 995 Orestis
872 954 1052 1010 vestigiis
1074 954 1302 1010 impressas,
1324 963 1459 994 mutas
1488 952 1655 1008 quidem
1684 952 1786 1004 illas,

339 1020 408 1060 sed
431 1030 567 1061 tamen
589 1021 709 1071 viam,
730 1036 813 1076 qua
832 1021 1055 1077 aufugerit,
1075 1020 1181 1062 clare
1202 1021 1297 1061 satis
1315 1020 1552 1061 indicantes.
1585 1021 1715 1061 SCH.

398 1088 491 1140 246.
513 1086 659 1139 νεβρὸν
682 1087 822 1143 Steph.
855 1088 993 1141 νεκρὸν
1013 1089 1079 1128 Μ.
1101 1087 1242 1129 Guelf.
1265 1087 1366 1128 Ald.
1391 1087 1500 1128 Rob.
1523 1088 1659 1128 Turn.

398 1166 492 1206 247.
523 1154 619 1207 πρὸς
648 1155 742 1206 αἷμα
771 1155 835 1196 καὶ
864 1155 1111 1209 σταλαγμὸν]
1135 1154 1162 1196 i.
1183 1170 1220 1196 e.
1243 1154 1338 1207 πρὸς
1357 1155 1518 1206 αἵματος
1538 1154 1782 1207 σταλαγμόν.

340 1221 476 1262 Aiunt
510 1221 616 1262 enim
654 1237 695 1262 se
733 1221 888 1263 Orestis
925 1222 1096 1278 vestigia
1129 1237 1179 1262 ex
1220 1221 1392 1262 materni
1432 1220 1640 1276 sanguinis
1678 1220 1786 1261 notis

340 1289 481 1330 eodem
513 1289 636 1330 modo
664 1288 904 1344 intelligere,
933 1304 1018 1345 quo
1052 1288 1162 1330 canis
1191 1288 1362 1344 vestigia
1391 1286 1551 1328 hinnuli
1584 1287 1786 1329 vulnerati

340 1371 389 1397 ex
421 1356 546 1397 odore
573 1365 786 1411 guttarum
818 1356 1043 1412 sanguinis,
1064 1371 1159 1411 quae
1186 1355 1228 1396 in
1259 1365 1408 1396 terram
1435 1354 1666 1404 ceciderint,
1690 1370 1783 1410 cog-

342 1433 490 1464 noscat.
525 1424 656 1465 SCH.

397 1491 701 1545 ἐκμαστεύομεν]
728 1490 997 1531 Scribendum
1020 1489 1291 1541 ἐκματεύομεν.

398 1558 493 1608 248.
524 1560 648 1611 φυσιᾷ
675 1557 931 1614 σπλάγχνου]
955 1556 1165 1597 Anhelare
1184 1571 1225 1597 se
1245 1565 1478 1611 queruntur
1496 1555 1621 1611 longo
1638 1556 1782 1597 itinere

341 1623 466 1664 fessas
485 1624 770 1679 fatigatasque.
806 1624 937 1665 SCH.

392 1683 511 1730 ὀὐδὲν
540 1689 685 1743 ὑστέρα
720 1691 829 1745 νεώς]
861 1691 958 1731 Non
990 1689 1175 1730 universe
1204 1688 1255 1730 de
1285 1689 1458 1730 navibus
1487 1688 1667 1737 dictum3
1709 1689 1780 1730 sed

341 1755 592 1811 significatur
620 1756 733 1797 navis
762 1772 845 1813 qua
866 1757 1032 1798 Orestes
1061 1756 1114 1797 ad
1135 1755 1325 1798 Athenas
1353 1754 1594 1811 appulerat3
1622 1770 1714 1796 eam
1739 1771 1781 1797 se

341 1822 457 1864 aiunt
477 1823 730 1865 Eumenides
749 1823 952 1865 celeritate
971 1838 1044 1864 sua
1062 1832 1345 1879 consequutas.
1379 1824 1509 1864 SCH.

400 1902 493 1944 252.
533 1891 800 1945 καταπτακών]
839 1891 1086 1933 καταπτακὼς
1122 1889 1422 1946 interpolat-unt
1457 1891 1593 1932 Turn.
1635 1890 1778 1946 Steph.

341 1956 415 1997 Ad
434 1957 545 1998 hunc
568 1958 704 1998 locum
734 1957 946 1999 referenda
974 1957 1144 1998 fortasse
1172 1956 1307 2013 glossa
1335 1957 1550 2013 Hesychii,
1580 1962 1778 1998 καταπλα-

343 2025 440 2065 κώνε
474 2024 730 2076 καταπλήξας.
782 2024 1050 2066 Scribendum
1072 2025 1343 2066 καταπτακώνε
1378 2023 1631 2076 καταπτήξας.
1664 2040 1792 2075 κατα-ο

342 2091 487 2143 πτήξας
507 2091 679 2147 conjecit
699 2091 934 2133 Lobeckius
955 2090 1136 2147 Paralip.
1156 2106 1196 2147 p.
1217 2103 1316 2145 541.

401 2170 495 2212 254.
531 2169 624 2214 255.
654 2158 889 2214 pariterque
921 2159 1015 2213 256.
1047 2169 1143 2212 257.
1176 2157 1218 2198 in
1254 2173 1381 2199 unum
1417 2172 1580 2199 versum
1615 2158 1785 2214 conjun-

341 2225 480 2282 gendi,
500 2226 552 2277 μὴ
572 2225 625 2266 ad
647 2241 807 2267 versum
829 2225 1005 2281 priorem
1026 2226 1164 2266 relato.

398 2303 492 2347 254.
512 2294 585 2345 ὅρα
604 2292 692 2347 ὅρα]
712 2292 784 2345 ῥέα
804 2293 877 2344 ὅρα
897 2291 998 2332 Ald.
1023 2292 1158 2332 Turn.

403 2370 498 2414 255.
529 2360 748 2401 λεύσσετον
777 2358 888 2399 Rob.
920 2358 1063 2412 Steph.
1093 2357 1312 2399 λευσσετὸν
1344 2357 1442 2410 (hoc
1470 2359 1659 2412 accentu)
1682 2356 1783 2399 Ald.

344 2429 493 2467 λεῦσσε
522 2426 592 2467 τὸν
623 2425 763 2466 Guelf.
798 2426 935 2466 Turn.
979 2426 1172 2467 λεύσσετε
1205 2424 1504 2466 Wakefieldus.
1547 2423 1696 2466 λεῦσσέ
1725 2440 1786 2465 τοι

348 2492 603 2542 Schuetzius‚
623 2502 732 2534 recte
751 2497 914 2543 λεῦσσε,
929 2492 1034 2534 male
1053 2508 1150 2534 vero
1169 2510 1240 2540 τοι,
1262 2507 1338 2548 pro
1357 2507 1442 2548 quo
1461 2508 1504 2533 τε
1523 2491 1782 2533 scribendum

346 2574 440 2601 cum
462 2561 717 2600 Hermanno.

406 2628 500 2681 256.
522 2626 669 2681 φύγδα]
690 2625 846 2679 φυγάδα
866 2625 968 2668 Ald.
990 2626 1127 2667 Turn.

406 2704 500 2749 257.
523 2695 545 2734 ὁ
565 2701 674 2735 recte
693 2693 842 2735 delevit
863 2694 1143 2735 Hermannus.

406 2762 502 2815 258.
523 2760 600 2816 ὅδ’]
623 2760 891 2802 Scribendum
915 2762 935 2802 ὁ
956 2759 987 2802 δ’
1008 2774 1102 2801 cum
1124 2758 1289 2801 Bothio.

406 2829 496 2871 αὖτε
519 2831 615 2881 γοῦν
635 2827 745 2869 Rob.
776 2827 868 2869 αὖτέ
887 2826 921 2881 γ’
943 2828 1012 2869 οὖν
1033 2828 1097 2868 Μ.
1121 2827 1215 2867 Par.
1239 2825 1381 2867 Guelf.
1403 2824 1506 2866 Ald.
1530 2825 1663 2865 Turn.
1695 2823 1787 2866 αὖτέ

348 2895 384 2949 γ’
404 2896 472 2939 οὐκ
494 2895 638 2952 Steph.
699 2893 968 2936 scribendum
989 2894 1081 2937 αὖτέ
1099 2893 1135 2948 γ’
1157 2909 1251 2936 cum
1273 2895 1528 2943 Hermanno,
1548 2890 1683 2933 deleto
1701 2892 1783 2939 οὖν,
