1962 3224
601 172 691 214 AD
722 170 1117 213 EUMENIDES.
1509 167 1591 210 561

190 288 288 331 682.
308 287 478 343 πρώτας]
498 291 652 340 πρῶτον
674 287 814 328 Turn.

191 357 292 413 683.4
309 355 460 409 Αἰγέως
479 354 675 411 Scaliger.
708 353 838 407 Αἷγέω
857 353 970 394 Rob.
1005 351 1134 407 Αἷγέῳ
1156 351 1258 392 Ald.
1292 351 1437 406 Αἰγείῳ
1456 352 1593 392 Turn.

187 423 284 476 684.
306 423 388 480 ἀεὶ]
411 424 488 465 αἷεὶ
508 422 614 464 libri.

187 494 380 533 δικαστῶν
400 492 617 533 Canterus.
651 490 683 533 δ’
707 490 885 532 ἑκάστων
905 488 1010 530 libri.

187 559 282 614 685.
298 557 479 614 Ἀρειον]
504 558 776 600 Scribendum
800 559 931 611 ὄρειον
952 572 1046 598 cum
1071 558 1330 598 Hermanno,
1396 558 1593 612 Ineptum

129 625 237 668 enim
259 635 320 668 est
334 625 498 680 Ἀρειον
516 628 632 668 τόνδε
651 626 745 677 dici,
767 641 898 682 quum
928 626 968 667 in
994 625 1262 682 sequentibus
1281 625 1450 667 demum
1472 625 1597 666 versi-

130 693 210 736 bus
229 694 475 751 explicetur,
495 710 570 736 cur
590 704 708 751 petra
727 693 815 735 haec
831 692 991 746 ’Ἄρειος
1010 693 1062 735 sit
1082 693 1385 750 cognominata.

188 762 319 816 πάγον
356 764 389 804 δ’
416 762 595 818 Ἀρειον]
638 762 747 815 Quia
780 770 874 818 post
914 762 1004 804 haec
1044 761 1168 803 verba
1206 761 1369 818 longior
1408 760 1597 818 sequitur

130 830 386 887 parenthesis
406 830 627 872 verborum
650 829 879 882 Ἀμαζόνων
904 829 1206 883 ἕδραν-πάγος
1233 828 1266 870 τ’
1282 827 1454 882 Ἀρειος,
1476 829 1597 870 facile

132 898 398 941 excusabitur
418 899 685 940 ἆνακολουθία
705 897 1036 948 constructionis,
1054 913 1151 954 quae
1176 897 1289 939 nulla
1310 908 1428 944 esset,
1452 897 1484 939 si
1512 908 1594 939 sta—

133 965 207 1007 tim
238 966 295 1008 sic
323 966 540 1022 incepisset
561 965 791 1022 AEschylus
819 964 926 1006 lianc
955 965 1174 1022 periodum
1196 966 1240 1006 ἐν
1260 966 1303 1006 δὲ
1321 964 1435 1020 πάγῳ
1454 965 1596 1018 Ἀρείῳ

132 1036 334 1091 τῷδε-ἐν
367 1035 409 1076 δὲ
442 1035 495 1090 τῷ
517 1033 644 1086 σέβας
672 1044 749 1075 etc.
784 1034 916 1074 SCH.
981 1034 1082 1074 Huc
1113 1032 1318 1089 pertinere
1353 1031 1594 1074 Ennianum

131 1102 235 1144 illud
257 1102 536 1159 fragmentum
558 1101 742 1143 creditur
764 1105 824 1158 (p.
848 1114 941 1157 252.
965 1101 1031 1143 ed.
1054 1103 1200 1154 Hess.)

245 1203 588 1260 Areopagiticam
607 1216 656 1243 ea
675 1201 725 1242 de
745 1215 789 1242 re
809 1207 957 1242 vocant
972 1207 1152 1258 petram.
1209 1202 1432 1243 STANL.

186 1314 416 1368 Ἀμαζόνων
446 1314 579 1370 ἕδραν]
612 1314 808 1355 Meminit
838 1322 879 1356 et
901 1313 1183 1371 Etymologici
1202 1323 1348 1356 auctor
1368 1329 1409 1371 p.
1437 1327 1531 1370 139,
1556 1315 1593 1354 8.

126 1382 284 1437 Ἀρειος
320 1382 459 1436 πάγος,
496 1382 746 1435 δικαστήριον
778 1381 996 1434 Ἀθήνησιν
1030 1383 1129 1424 οὕτω
1170 1384 1417 1435 καλούμενον
1455 1384 1516 1424 ὅτι
1556 1385 1596 1423 αἱ

130 1451 342 1504 Ἀμαζόνες
358 1452 422 1493 ἐπὶ
441 1451 511 1493 τὸν
530 1453 654 1492 τόπον
674 1452 827 1492 ἐκεῖνον
847 1451 1129 1504 ἐστρατεύοντο
1152 1450 1297 1504 Ἀρεος
1327 1451 1455 1492 οὖσαι.
1508 1452 1596 1492 Νο-

132 1519 303 1561 tandum
327 1534 422 1561 vero
441 1519 556 1576 quod
576 1519 618 1560 in
639 1519 891 1576 etymologia
912 1519 1089 1560 nominis
1115 1519 1168 1560 ab
1190 1519 1393 1576 AEsehylo
1413 1519 1592 1568 recedit;

129 1603 264 1644 neque
293 1587 401 1630 enim
422 1589 693 1644 Areopagum
726 1588 783 1629 ita
810 1588 968 1630 dictum
998 1588 1103 1639 vult,
1126 1588 1241 1645 quod
1271 1588 1328 1629 ibi
1358 1590 1597 1630 Amazones

132 1656 261 1698 Marti
293 1671 407 1698 sacra
435 1656 620 1704 fecerint,
659 1656 728 1697 sed
765 1656 819 1698 ab
851 1656 950 1713 ipsis
982 1656 1286 1706 Amazonibus,
1318 1667 1464 1714 utpote
1498 1672 1596 1713 quae

130 1734 263 1766 essent
284 1724 439 1766 Martis
458 1724 566 1765 filiae.
621 1724 702 1765 Cui
723 1723 973 1780 astipulatur
991 1724 1113 1765 etiam
1138 1725 1390 1766 Eustathius
1418 1725 1459 1766 in
1492 1725 1596 1766 Dio—

132 1791 239 1848 nysii
269 1790 430 1847 Perieg.
467 1808 504 1832 v.
536 1794 636 1847 653.
670 1791 766 1846 Ἀφ’
798 1794 865 1840 ὧν,
900 1793 951 1836 ὣς
986 1794 1028 1844 ἐξ
1054 1793 1199 1846 Ἀρεος
1230 1794 1450 1847 ἀγομένων,
1480 1794 1544 1835 καὶ
1575 1795 1596 1833 ὁ

126 1858 286 1913 'Apenas
314 1859 441 1912 πάγος
471 1861 515 1901 ἐν
532 1858 719 1911 Ἀθήναις
743 1860 982 1912 ὠνόμασται,
1012 1861 1076 1902 οἶα
1105 1861 1223 1915 μέχρι
1253 1862 1316 1902 καὶ
1348 1863 1430 1902 ἐκεῖ
1458 1863 1597 1903 ἐλθου-

132 1931 228 1968 σῶν.
283 1927 430 1983 Longe
451 1942 548 1968 vero
568 1926 686 1968 aliter
706 1942 848 1968 omnes
876 1927 962 1979 alii,
986 1928 1059 1984 qui
1089 1929 1143 1970 ab
1172 1930 1262 1985 ipso
1284 1930 1426 1971 Marte
1447 1944 1596 1971 nomen

129 1994 334 2050 accepisse
353 1993 494 2045 velint,
516 1994 630 2050 quod
654 1994 860 2050 judicium
889 1994 971 2036 illic
1002 1996 1160 2051 primus
1189 1996 1375 2038 subierit.
1438 1998 1596 2038 Pausa-

130 2061 218 2104 nias
242 2074 281 2112 Ι,
305 2062 370 2113 28,
392 2072 436 2117 5.
458 2061 555 2103 Καθ’
579 2062 600 2104 ὃ
623 2064 687 2104 καὶ
707 2065 728 2104 ὁ
751 2062 910 2116 Ἀρειος
938 2064 1379 2117 πάγος-καλούμενος,
1401 2067 1461 2107 ὅτι
1490 2069 1595 2119 πρῶ-

130 2146 198 2173 τος
221 2128 347 2182 Ἀρης
378 2131 547 2171 ἐνταῦθα
582 2132 724 2183 ἐκρίθη·
756 2130 822 2172 vel
855 2131 910 2172 ob
945 2131 1211 2180 adulterium,
1243 2133 1525 2174 OEcumenius
1553 2133 1596 2174 in

132 2200 232 2239 Act.
258 2207 325 2252 17.
346 2211 415 2253 34.
441 2197 600 2251 Ἄρειος
627 2201 669 2240 δὲ
700 2199 828 2253 πάγος
849 2199 1012 2253 ἐλέγετο
1043 2201 1065 2240 6
1095 2201 1227 2250 τόπος,
1251 2201 1383 2253 ἐπειδὴ
1410 2203 1432 2242 6
1457 2200 1594 2254 Ἀρης,

128 2266 184 2309 ὥς
202 2271 317 2319 φασι,
339 2268 408 2317 τῆς
435 2267 614 2320 μοιχείας
644 2268 775 2308 ἐκεῖσε
804 2268 912 2311 δίκας
941 2268 1074 2309 ἔδωκε·
1108 2269 1174 2309 vel
1194 2269 1249 2310 ob
1269 2270 1424 2311 caedem
1449 2269 1594 2311 Halir-

132 2331 272 2383 rothii‚
289 2332 498 2374 Aristides
518 2333 598 2375 vol.
624 2347 659 2375 1.
683 2350 724 2390 p.
747 2336 841 2389 185.
864 2337 986 2377 Cant.
1010 2337 1217 2391 Λαγχάνει
1245 2341 1456 2380 Ποσειδῶν
1480 2337 1596 2392 Ἀρει

128 2400 201 2451 τὴν
219 2401 316 2453 ὑπὲρ
338 2404 407 2442 τοῦ
425 2401 575 2453 παιδὸς,
598 2403 662 2444 καὶ
684 2405 770 2456 νικᾷ
793 2404 837 2444 ἐν
857 2403 982 2445 ἅπασι
1012 2409 1095 2447 τοῖς
1126 2408 1231 2449 θεοῖς
1260 2407 1324 2448 καὶ
1353 2406 1425 2457 τὴν
1447 2407 1594 2448 ἐπωνυ-

128 2468 223 2520 μίαν
238 2469 260 2508 6
278 2469 395 2511 τόπος
423 2469 624 2521 λαμβάνει
653 2470 725 2521 τὴν
752 2470 884 2522 αὐτὴν,
912 2475 1027 2513 τοῦτο
1050 2472 1278 2524 συμβάντος
1298 2475 1510 2526 σύμβολον
1532 2475 1595 2515 καὶ

129 2537 376 2586 δικαιοσύνης
405 2537 539 2589 ὥσπερ
569 2538 673 2578 ἄλλο
702 2554 740 2578 τι
770 2540 981 2591 μαρτύριον
1020 2540 1084 2580 καὶ
1116 2542 1251 2582 πίστιν
1282 2543 1324 2584 ἐς
1351 2543 1593 2594 ἀνθρώπους.

130 2602 421 2644 Arundeliana
454 2604 721 2660 Epocharum
761 2605 879 2656 stela,
920 2605 947 2646 l.
973 2619 1015 2661 5.
1046 2606 1139 2659 Ἀφ’
1178 2609 1223 2649 οὗ
1258 2610 1342 2660 δίκη
1375 2608 1594 2660 Ἀθήνησιν

130 2670 291 2724 ἐγένετο
314 2670 430 2723 Ἀρει
460 2672 523 2712 καὶ
554 2675 775 2713 Ποσειδῶνι
798 2673 896 2725 ὑπὲρ
929 2672 1182 2726 Ἀλιρροθίου
1216 2679 1285 2716 τοῦ
1327 2679 1594 2726 Ποσειδῶνος,

127 2739 192 2779 καὶ
206 2739 227 2778 6
248 2739 366 2781 τόπος
386 2737 532 2789 ἐκλήθη
548 2738 704 2791 Ἀρειος
723 2740 862 2792 πάγος,
886 2741 950 2791 ἔτη
979 2735 1309 2793 XHHKgAHIII
1340 2744 1579 2793 βασιλεύον-

128 2822 196 2849 τος
214 2804 393 2857 Ἀθηνῶν
415 2809 611 2858 Κραναοΰ.
645 2807 718 2846 ST
722 2807 866 2848 ANL.

184 2873 281 2914 686.
303 2872 355 2927 θ’]
376 2872 407 2912 τ’
431 2874 567 2914 Turn.
589 2888 669 2914 om.
696 2873 795 2915 Ald.

183 2940 280 2993 687.
302 2941 532 2998 νεόπτολιν]
557 2943 743 2983 νεόπολιν
766 2942 866 2983 Ald.

828 3025 900 3062 41³
