1962 3224
368 189 453 230 538
839 186 1332 230 ANNOTATIONES

422 298 493 354 ὥς]
515 296 783 339 scribendum
803 298 859 339 ὢν
877 313 970 339 cum
992 298 1190 340 Mai-tino.

425 377 519 407 201.
542 369 621 408 πῶς
640 365 685 416 δή
701 383 711 412 3
744 365 923 419 τοσοῦτο]
945 368 1026 408 πῶς
1045 367 1138 415 δῆτα
1157 368 1269 405 τοῦτο
1290 365 1343 405 Τ.
1371 363 1478 404 Rob.

424 443 520 483 204.
542 431 700 486 δέκτωρ]
726 430 756 472 δ’
780 431 892 484 ἔκτορ
911 430 1051 472 Guelf.
1072 430 1172 471 Ald.
1204 430 1235 471 δ’
1258 431 1376 483 ἔκτωρ
1397 431 1453 471 Τ.
1476 428 1586 470 Rob.

422 499 582 550 αἵματος
614 498 756 551 δέκτωρ
787 498 876 539 νέου
910 508 970 539 est
1001 513 1116 539 novae
1141 498 1264 539 caedis
1294 498 1482 538 defensor
1511 512 1558 538 ac
1588 504 1802 553 patronus,

364 563 437 620 qui
467 580 554 606 eam
589 565 630 606 in
667 580 709 606 se
741 564 898 620 recipit.
971 565 1037 606 Sic
1069 564 1273 617 διαδέκτωρ
1308 564 1456 620 Eurip.
1492 565 1595 604 Ione
1625 578 1664 603 v.
1699 563 1798 616 478.

367 632 498 672 SCH.

421 699 514 741 206.
552 697 802 750 προπομποὺς
835 697 876 738 h.
909 697 934 738 l.
970 698 1010 738 in
1043 699 1188 738 malam
1221 707 1378 753 partem
1417 696 1712 753 accipiendum,
1747 696 1800 736 de

362 763 518 805 deabus
539 763 751 804 ultricibus
770 779 904 819 poenae
924 779 1045 805 causa
1065 764 1273 805 scelestum
1297 763 1644 820 persequentibus.
1668 763 1799 804 SCH.

422 843 517 885 209.
538 831 655 884 γέρας
676 833 813 886 καλόν]
842 831 1000 872 Ironice
1019 831 1188 872 dictum.
1221 831 1351 871 SCH.

420 910 515 940 211.
549 898 748 953 γυναικὸς]
783 898 1104 955 Intelligendum
1139 898 1266 951 φονέα
1299 912 1350 939 ex
1378 897 1632 953 praecedente
1659 913 1800 950 μητρα-

360 965 488 1008 λοίας.

419 1043 513 1074 212.
536 1033 665 1073 Hunc
686 1046 847 1072 versum
873 1031 1054 1088 Apollini
1074 1031 1285 1073 continuat
1305 1030 1405 1072 Ald.

416 1099 598 1154 ὅμαιμος]
622 1100 770 1155 Neque
789 1099 896 1140 enim
917 1114 968 1140 ex
988 1099 1130 1139 eodem
1151 1098 1348 1154 sanguine
1374 1097 1563 1154 prognati
1589 1108 1684 1138 sunt
1713 1111 1800 1138 ma·

359 1166 462 1207 ritus
491 1176 532 1208 et
562 1182 677 1208 uxor.
738 1166 898 1207 Eodem
929 1175 1174 1222 argumento
1202 1165 1254 1207 ad
1276 1165 1629 1222 Clytaemnestram
1659 1164 1801 1205 defen-

359 1230 535 1272 dendam
561 1230 693 1273 utitur
712 1231 862 1273 chorus
881 1246 920 1272 V.
941 1233 1037 1286 605.

420 1311 515 1353 213.
537 1299 647 1353 ΑΠ.]
669 1298 809 1340 Choro
828 1298 973 1340 tribuit
993 1298 1096 1340 Ald.

415 1365 582 1420 ἠρκέσω]
614 1365 758 1407 Lectio
789 1365 944 1408 vitiosa.
975 1365 1126 1419 ἀρκέσω
1151 1367 1244 1407 Par.
1276 1364 1433 1419 ἀρκέσει
1451 1363 1638 1406 Bothius.
1671 1362 1800 1415 ᾐδέσω

361 1431 639 1474 Wellauerus.

418 1501 512 1541 216.
536 1500 730 1555 γίγνεται]
749 1501 898 1553 γίνεται
918 1500 1021 1542 libri.

417 1578 511 1620 217.
540 1568 729 1619 μόρσιμος
749 1567 858 1608 Rob.
888 1568 1070 1621 μόρσιμοι
1091 1568 1153 1608 M.
1177 1567 1315 1608 Guelf.
1338 1566 1438 1608 Ald.
1470 1567 1638 1619 μορσίμη
1659 1567 1796 1608 Turn.

361 1633 505 1689 Steph.
527 1643 635 1674 recte
654 1634 837 1675 fortasse.

415 1701 509 1742 218.
540 1701 656 1752 ὅρκου
682 1699 760 1742 ’στὶ
790 1702 1010 1742 Porsonus.
1042 1702 1176 1754 ὅρκους
1204 1718 1241 1741 τι
1272 1701 1337 1741 M.
1364 1701 1458 1740 Par.
1487 1699 1589 1741 Ald.
1619 1701 1733 1753 ὅρκου
1761 1717 1799 1741 τι

359 1766 501 1808 Guelf.
525 1768 653 1820 ὅρκοις
675 1768 767 1821 (nisi
787 1767 852 1810 hic
873 1768 1100 1824 typothetae
1120 1782 1230 1808 error
1250 1775 1311 1808 est
1330 1782 1407 1822 pro
1426 1767 1576 1820 ὅρκους)
1599 1783 1635 1807 τι
1654 1781 1704 1807 ex
1722 1781 1799 1807 suo

357 1833 495 1875 codice
518 1834 636 1876 affert
662 1835 772 1877 Rob.
800 1835 873 1891 qui
902 1835 989 1892 ipse
1018 1836 1130 1888 ὅρκος
1158 1852 1214 1878 τις
1243 1834 1416 1890 scripsit.
1446 1834 1559 1886 ὅρκου
1589 1849 1632 1875 τε
1662 1834 1797 1874 Turn.

361 1901 504 1958 Steph.

415 1982 510 2024 219.
532 1971 566 2011 εἰ
587 1971 802 2012 Canterus.
833 1971 857 2023 ἦ
877 1970 982 2012 libri.

415 2048 510 2079 220.
539 2037 741 2093 γενέσθαι]
773 2038 1042 2080 Scribendum
1072 2038 1248 2079 τίνεσθαι
1276 2051 1370 2077 cum
1399 2034 1606 2076 Meinekio
1631 2034 1684 2076 ad
1705 2035 1798 2075 Me·
1815 2060 1824 2067 -

357 2103 502 2144 nandr.
524 2118 567 2159 p.
590 2105 686 2146 226.

414 2183 507 2212 221.
539 2171 746 2226 Apollinis
774 2186 947 2228 persona
975 2172 1146 2228 praefixa
1175 2171 1218 2212 in
1247 2170 1347 2212 Ald.
1378 2170 1449 2224 qui
1480 2184 1619 2210 versus
1647 2183 1797 2225 praece-

357 2236 499 2279 dentes
517 2238 641 2280 choro
661 2238 873 2280 tribuerat.

413 2303 471 2359 σ’]
495 2303 531 2357 γ’
554 2305 618 2344 Μ.
641 2304 781 2346 Guelf.
803 2303 904 2345 Ald.

413 2371 684 2426 ἀνδρηλατεῖν]
725 2371 866 2423 ἄνδρας
905 2373 1035 2412 κατεῖν
1077 2369 1190 2425 (fort.
1232 2384 1306 2425 pro
1344 2371 1499 2420 πατεῖν)
1539 2367 1667 2410 codex
1706 2370 1795 2410 Ro-

358 2436 530 2479 bortelli.

415 2516 509 2546 222.
529 2504 634 2559 οἶδα]
658 2505 764 2546 οὗτοι
786 2505 843 2544 Τ.

411 2573 460 2611 τὰ
487 2571 561 2622 μὲν
589 2570 680 2625 γὰρ]
701 2570 889 2611 Alterum
918 2571 1023 2611 enim
1049 2570 1214 2627 (nempe
1234 2569 1389 2612 Orestis
1407 2569 1597 2623 facinus‚)
1619 2569 1736 2610 video
1758 2575 1796 2610 te

358 2639 579 2694 aegerrime
599 2638 754 2687 tulisse,
777 2637 999 2679 vehementi
1018 2638 1066 2679 ob
1090 2638 1136 2678 id
1158 2639 1227 2679 ira
1247 2638 1469 2687 incensam,
1489 2639 1670 2679 alterum
1698 2650 1795 2677 vero

360 2703 728 2760 (Clytaemnestrae)
750 2704 876 2745 multo
894 2705 1109 2746 remissius
1129 2710 1321 2746 tractare.
1357 2705 1488 2745 SCH.

415 2784 509 2822 224.
540 2772 582 2811 δὲ
612 2769 800 2825 Παλλὰς]
832 2772 864 2812 δ’
891 2770 949 2812 ἐπ’
978 2772 1103 2815 ἄλλας
1133 2771 1276 2814 Guelf.
1297 2770 1398 2814 Ald.
1430 2771 1566 2812 Turn.
1595 2778 1636 2810 et
1664 2768 1792 2810 codex

359 2837 601 2879 Robortelli.

414 2915 467 2947 22
469 2914 508 2959 5.
530 2905 631 2945 λίπω
652 2904 873 2945 Porsonus.
902 2906 1025 2947 λείπω
1043 2904 1148 2946 libri.
