1962 3224
379 201 462 240 422
851 203 1344 245 ANNOTATIONES

435 309 556 363 1483.
581 310 697 362 1484.
718 309 948 365 iterumque
970 311 1089 365 1485.
1110 311 1230 363 1486.
1250 311 1292 352 in
1315 326 1442 352 unum
1464 314 1622 352 versum
1646 312 1812 367 conjun-

375 376 511 431 gendi,
533 376 766 432 pariterque
785 377 827 417 iu
847 377 1101 432 antistropho
1119 388 1240 432 1507.
1264 380 1383 433 1508.
1404 388 1444 419 et
1461 391 1581 434 1509.
1599 390 1718 433 1510.

439 443 556 497 1485.
580 444 635 491 ἰὼ,
660 443 696 494 ἰὴ
717 444 808 498 διαὶ]
833 443 1101 484 Scribendum
1124 445 1160 495 ἰὴ
1181 445 1230 495 ἰὴ,
1253 446 1398 486 διαὶ-.

437 510 558 564 1489.
580 519 700 563 1513.
722 509 914 550 Alterum
939 511 981 550 ἰὼ
1001 525 1079 550 om.
1104 509 1169 550 Fl.
1193 511 1292 551 Ven.

437 588 559 629 1491.
584 589 701 630 1493.
733 584 773 617 et
799 586 916 631 1515.
942 587 1060 630 1517.
1097 578 1137 617 τί
1167 576 1250 618 ποτ’
1286 577 1343 630 ἆρ’
1381 579 1719 619 εἵπω-ἐκπνείων
1755 580 1810 619 Τ.

377 641 471 683 Vid.
492 641 543 682 ad
564 657 603 682 v,
627 643 721 696 789.

438 722 558 763 1493.
582 710 737 764 ἀσεβεῖ]
761 709 922 760 εὐσεβεῖ
939 709 1004 751 Fl.

431 777 524 826 βίον
563 775 750 830 ἐκπνέων]
782 775 931 831 Eurip.
971 775 1118 816 Helen.
1156 789 1245 827 141.
1279 781 1453 829 σφαγαῖς
1484 778 1655 829 ἀδελφῆς
1688 776 1809 817 οὕνεκ’

377 843 585 882 ἐκπνεῦσαι
622 843 727 892 βίον.
770 842 997 883 BLOMF.
1048 841 1220 883 ἐκπνέων
1250 842 1495 898 disyllabum
1535 852 1596 883 est
1629 858 1811 898 pronun-

374 907 581 957 ciandum,
604 908 679 948 nisi
703 909 853 964 ἐκπνῶν
882 907 1054 948 scribere
1083 907 1256 963 placeat,
1286 917 1333 950 ut
1363 909 1429 964 δέῃ
1456 908 1498 949 in
1528 913 1588 964 δῇ,
1617 909 1745 961 κέηται
1770 910 1811 950 in

377 978 485 1026 κῆται
505 984 757 1016 contractum
780 974 981 1016 scribitur.

436 1054 554 1095 1494.
586 1042 860 1096 ἀνελεύθερον]
891 1042 1128 1093 ἀνελεύθερα
1149 1042 1206 1082 Τ.
1228 1056 1322 1082 cum
1349 1041 1405 1098 gl.
1426 1042 1700 1095 ἀνελευθέρως,
1723 1045 1812 1083 δου-

375 1111 503 1151 λικῶς.

434 1175 555 1229 1498.
575 1174 659 1226 μηδ’
683 1174 908 1229 ἐπιλεχθῇς]
931 1175 998 1215 Νε
1017 1188 1223 1215 memores.

435 1254 557 1295 1504.
597 1240 735 1282 τέλεον
775 1240 942 1295 νεαροῖς]
979 1242 1333 1296 Agamemnonem
1370 1241 1568 1297 Thyestae
1604 1241 1705 1283 filiis.
1748 1259 1809 1284 νε·

377 1310 481 1360 κροΐς
504 1308 558 1348 Τ.

435 1383 552 1429 1507.
584 1378 642 1415 πῶ
671 1373 750 1428 πῶ]
782 1373 1048 1414 Scribendum
1078 1378 1158 1417 πῶς
1184 1378 1275 1420 πῶς,
1299 1374 1404 1414 utin
1430 1373 1611 1429 margine
1632 1373 1812 1415 Askewii

374 1452 599 1483 correctum
622 1450 692 1482 est.
723 1445 782 1482 πῶ
803 1455 878 1496 pro
897 1442 1019 1481 πόθεν
1041 1442 1293 1496 Sophronem
1322 1440 1470 1481 dixisse
1498 1441 1667 1482 scimus:
1699 1442 1812 1497 quod

373 1508 426 1548 ab
447 1507 648 1563 AEsohylo
668 1522 747 1547 non
769 1506 898 1561 magis
924 1506 1002 1547 dici
1032 1507 1167 1562 potuit
1197 1522 1319 1562 quam
1350 1511 1418 1548 πεῖ
1444 1522 1519 1563 pro
1547 1511 1636 1548 ποῦ.
1666 1512 1725 1549 πῶ
1754 1512 1811 1548 πῶ

373 1579 432 1616 πῶ
452 1584 708 1630 repugnante
728 1583 858 1614 metro
878 1573 1090 1628 legebatur
1111 1573 1320 1614 Prometh.
1340 1575 1438 1629 576.

427 1642 474 1682 δὲ
492 1656 572 1682 om.
597 1642 656 1681 Τ.

427 1710 622 1761 πατρόθεν
642 1706 913 1761 δὲ-παρέξει]
934 1707 1054 1747 Fieri
1076 1712 1210 1746 tamen
1224 1707 1380 1761 potuit,
1399 1712 1446 1746 ut
1474 1707 1630 1747 daemon
1659 1708 1811 1763 aliquis

364 1780 641 1831 paternorum
661 1775 854 1815 scelerum
876 1774 1029 1814 vindex
1049 1779 1086 1813 te
1104 1773 1326 1828 adjuverit.
1376 1774 1544 1814 Mutuis
1562 1779 1696 1814 autem
1716 1788 1809 1814 con-

371 1843 702 1898 sanguineorum
735 1842 918 1881 cruentis
955 1840 1132 1880 caedibus
1171 1845 1275 1889 ater,
1307 1838 1346 1879 h.
1369 1854 1402 1879 e.
1435 1838 1648 1890 horribilis,
1683 1841 1811 1881 Mars

372 1909 568 1965 adigitur
594 1908 645 1949 ad
676 1908 827 1948 caedem
859 1906 969 1948 eaede
1005 1905 1299 1955 ulciscendam3
1330 1906 1453 1946 donec
1481 1919 1525 1945 eo
1551 1908 1812 1961 processerit,

374 1982 422 2016 ut
442 1976 506 2016 vel
526 1976 590 2016 illi
614 1989 840 2031 puerorum
859 1973 1023 2028 epuloni
1049 1972 1242 2027 Thyestae
1262 1973 1434 2012 terroris
1442 1972 1605 2027 frigus
1623 1972 1811 2013 incutiat.

371 2042 627 2082 —Ceterum
647 2049 754 2080 recte
777 2038 982 2079 Heathius
1001 2037 1200 2078 intellexit
1219 2037 1260 2077 in
1280 2037 1415 2078 verbis
1441 2038 1530 2077 ὅποι
1560 2038 1620 2077 καὶ
1652 2039 1811 2090 προβαί-

372 2124 453 2149 νων
468 2107 638 2148 chorum
659 2105 775 2162 quasi
796 2115 928 2146 vatem
951 2104 1107 2145 Orestis
1128 2104 1397 2145 matricidium
1421 2104 1650 2159 praesagire.
1708 2105 1812 2145 Gra-

374 2173 435 2214 vis
454 2173 557 2214 inest
578 2188 733 2221 sensus,
755 2171 972 2212 vindictam
994 2170 1098 2211 hano
1118 2170 1220 2211 adeo
1239 2170 1471 2210 horribilem
1493 2185 1591 2220 esse,
1613 2179 1659 2210 ut
1684 2171 1812 2226 ipsius

372 2240 589 2296 Thyestae,
611 2239 684 2294 qui
703 2253 791 2280 eam
819 2247 960 2292 optare
990 2236 1167 2286 deberet,
1188 2236 1368 2277 animum
1396 2236 1562 2276 horrore
1592 2246 1694 2277 esset
1722 2252 1812 2292 per-

371 2306 576 2347 strictura.
637 2307 688 2346 In
718 2304 814 2344 edd.
846 2302 995 2358 legitur
1024 2302 1157 2355 πάχνα
1187 2304 1406 2356 κουροβόρῳ
1427 2302 1595 2354 παρέξει,
1618 2319 1640 2343 e
1660 2303 1812 2358 quibus

369 2388 467 2415 cum
508 2389 648 2414 sensus
680 2372 767 2413 elici
803 2380 992 2426 nequeat,
1027 2369 1154 2411 Stanl.
1189 2370 1347 2410 emend.
1384 2369 1540 2423 πάχναν
1575 2372 1812 2423 κουροβόρον

372 2439 543 2492 παρέξει,
574 2439 648 2479 hac
677 2436 1009 2492 interpretatione
1036 2450 1159 2476 usus:
1193 2436 1262 2475 ubi
1296 2437 1419 2476 etiam
1447 2450 1716 2492 progressu-3,
1742 2451 1810 2478 sa-

372 2507 482 2546 m’em
503 2507 737 2547 nativoram
751 2503 968 2559 praebebit.
1007 2501 1163 2542 Melius
1184 2517 1280 2542 vero
1300 2502 1520 2552 Heathius‚
1543 2518 1666 2558 quem
1685 2504 1811 2544 secuti

371 2586 531 2622 sumus,
550 2570 707 2624 πάχναν
728 2569 949 2622 κουροβόρῳ
969 2567 1139 2620 παρέξει,
1161 2567 1232 2608 etsi
1255 2567 1321 2608 ille
1348 2582 1560 2623 perperam
1591 2570 1811 2623 κουροβόρῳ

371 2638 426 2679 de
456 2638 641 2693 Thyeste
670 2635 830 2691 accipit,
862 2634 975 2690 quod
1005 2634 1140 2674 verius
1169 2634 1220 2675 de
1252 2636 1383 2675 Atreo
1416 2634 1667 2690 intelligitur.
1743 2635 1809 2676 Cf.

374 2720 411 2745 v.
435 2716 550 2758 1502.
585 2704 716 2744 SCH.
777 2703 872 2742 Non
903 2701 999 2741 ferri
1029 2709 1162 2756 potest
1191 2702 1349 2754 πάχναν
1379 2703 1613 2755 κουροβόρῳ,
1641 2700 1710 2741 sed
1738 2710 1811 2742 aut

373 2771 530 2824 πάχναν
569 2770 805 2822 κουροβόρον
838 2783 932 2808 cum
964 2769 1141 2818 Aurato,
1176 2778 1249 2809 aut
1282 2767 1414 2822 πάχνᾳ
1454 2767 1674 2821 κουροβόρῳ
1713 2781 1807 2806 cum

374 2839 616 2878 Hermanno
635 2834 919 2876 scribendum:
953 2833 1003 2874 de
1030 2848 1114 2889 quo
1143 2833 1366 2875 emendatis
1395 2833 1560 2874 demum
1583 2832 1715 2872 verbis
1734 2847 1807 2872 an-
