1962 3224
681 152 771 192 AD
802 151 1199 192 EUMENIDES.
1593 151 1680 195 549

268 275 366 320 392.
382 262 682 317 μοιρόκραντον]
701 261 977 315 μοιρίκραντον
994 259 1138 302 Guelf.
1158 259 1259 302 Ald.
1290 261 1551 314 μοιρόκρατον
1567 260 1679 302 Rob.

267 344 366 387 393.
388 331 467 386 ἐπὶ]
491 328 763 372 Scribendum
787 328 851 370 ἔπι
870 343 921 369 ex
939 327 1172 376 scholiasta,
1194 327 1266 385 qui
1300 343 1372 384 per
1393 328 1531 370 ἔπεστι
1550 328 1682 385 expli-

211 409 289 441 cat.
320 400 406 441 ἔστι
427 400 565 440 Turn.

267 481 364 523 394.
385 466 504 521 γέρας
522 465 708 514 παλαιὸν,
730 463 828 519 οὐδ’]
857 465 968 505 Duae
995 478 1048 505 ex
1068 463 1147 506 hoc
1168 479 1289 506 versu
1319 463 1490 521 syllabae
1515 464 1679 507 excide-

210 545 322 586 runt,
337 549 516 591 quarum
538 533 887 575 restituendarum
910 531 1051 589 plures
1070 542 1216 589 patent
1236 532 1326 574 viae.
1357 532 1485 575 πάλαι
1503 533 1680 575 παλαιὸν

209 603 385 660 conjecit
410 602 661 644 VVieselerus
679 600 838 643 collatis
867 599 1086 657 Euripidis
1106 599 1244 642 verbis
1264 601 1400 643 orest.
1423 601 1521 646 802.
1551 601 1680 644 πάλαι

209 674 382 715 παλαιᾶς
402 671 480 712 ἀπὸ
503 673 708 724 συμφορᾶς
726 670 869 722 δόμων.
921 668 1096 710 Licebat
1116 668 1397 725 probabiliora
1416 669 1667 726 excogitare.

266 738 344 781 οὐδ’
374 740 527 792 ἀτιμίας
546 738 666 795 κυρῶ]
693 739 798 779 Haec
819 751 1052 794 repugnare
1072 736 1267 778 videntur
1287 737 1582 794 superioribus,
1606 738 1678 780 ubi

210 806 318 861 λάχη
340 822 415 849 sua
434 808 552 860 ἄτιμα
571 815 612 848 et
632 807 767 848 ἀτίετα
787 804 1068 846 nominabant.
1106 804 1188 846 Sed
1208 805 1366 863 duplex
1387 813 1474 847 erat
1495 806 1679 848 conditio

213 874 450 916 Furiarum.
511 873 676 924 Altera,
698 872 813 930 quod
833 873 1014 915 exclusae
1044 882 1179 915 essent
1205 889 1230 915 a
1254 874 1424 915 deorum
1456 874 1677 925 consortio,

210 952 253 984 et
291 943 404 1000 quod
441 943 555 1000 apud
591 942 683 984 illos
716 941 930 983 honoratae
962 957 1044 983 non
1080 951 1229 993 essent,
1262 942 1316 985 cf.
1355 958 1397 984 ν.
1434 943 1528 985 186.
1566 955 1675 999 2233

210 1011 353 1062 altera,
382 1010 496 1068 quod
528 1010 764 1052 hominibus
793 1009 1040 1051 venerandae
1069 1020 1219 1063 essent,
1248 1010 1302 1052 ab
1322 1010 1454 1068 iisque
1483 1026 1566 1053 non
1591 1011 1678 1054 sine

211 1090 323 1122 metu
345 1090 387 1122 et
407 1080 576 1122 horrore
595 1079 839 1121 colerentur.
874 1080 1007 1121 SCH.

266 1150 363 1204 396.
385 1148 595 1205 δυσήλιον]
620 1146 895 1189 Scribendum
918 1146 1121 1188 δυσάλιον.

265 1228 365 1273 397.
387 1216 590 1258 Deleatur
605 1231 766 1258 comma
785 1224 880 1273 post
898 1214 1003 1268 βοήν
1024 1224 1066 1257 et
1085 1224 1268 1272 ponatur
1287 1226 1381 1273 post
1402 1218 1675 1272 Σκαμάνδρου.

266 1285 366 1341 398.
396 1287 472 1339 γῆν
502 1283 875 1338 καταφθατουμένη]
909 1283 976 1325 Sic
1013 1283 1236 1340 legendum
1260 1284 1451 1327 arbitror.
1501 1287 1541 1327 A
1569 1287 1676 1328 Sca-

208 1354 400 1404 mandro,
422 1359 575 1395 terram
595 1367 802 1409 occupans
820 1367 1016 1409 quam—.
1049 1352 1304 1409 Hesychius,
1327 1353 1439 1395 hunc
1459 1353 1610 1406 locum,
1630 1363 1678 1396 ut

209 1421 390 1473 videtur,
421 1420 656 1478 respiciens,
686 1420 1027 1474 Καταφατουμένη
1056 1420 1102 1476 (l.
1126 1421 1522 1476 καταφθατουμένη);
1558 1439 1676 1464 κατα-

211 1489 397 1542 κτωμένη.
429 1490 565 1543 κυρίως
587 1491 629 1531 δὲ
649 1489 694 1530 τὸ
716 1491 760 1530 ε’κ
778 1488 1133 1543 προκαταλήψεως.
1184 1489 1354 1545 Sigeum
1372 1490 1580 1547 intelligit,
1602 1490 1676 1533 ubi

210 1557 411 1615 templum
442 1558 570 1600 fuisse
601 1557 807 1599 Minervae
838 1557 1084 1599 Herodotus
1119 1556 1246 1597 refert
1274 1568 1315 1612 5,
1349 1571 1416 1612 95.
1448 1558 1573 1602 Αὐτὸς
1601 1560 1676 1612 μὲν

212 1628 423 1683 (Alcaeus)
446 1629 608 1683 φεύγων
629 1628 826 1681 ἐκφεύγει,
847 1629 896 1668 τὰ
916 1626 960 1668 δέ
980 1628 1018 1667 οἱ
1038 1627 1145 1667 ὅπλα
1164 1628 1352 1682 ἴσχουσιν
1369 1627 1587 1680 Ἀθηναῖοι,
1611 1631 1680 1672 καί

210 1702 292 1750 σφε
312 1695 586 1750 ἀνεκρέμασαν
606 1694 703 1749 πρὸς
722 1695 767 1736 τὸ
785 1693 1000 1747 Ἀθήναιον
1020 1694 1064 1735 τὸ
1086 1696 1131 1736 ἐν
1150 1696 1306 1751 Σιγείῳ.
1366 1696 1560 1739 Eandem
1590 1698 1674 1740 his-

209 1764 356 1806 toriam
376 1763 513 1805 innuit
533 1764 704 1805 Alcaeus
724 1762 837 1820 apud
869 1762 1059 1804 Strabon.
1085 1777 1149 1819 13.
1171 1779 1213 1820 p.
1239 1766 1338 1806 600.
1388 1764 1504 1807 Hinc
1533 1781 1676 1808 ansam

209 1841 349 1889 captat
379 1831 624 1888 AEschylus,
656 1846 741 1887 quo
770 1831 920 1873 excitet
950 1830 1231 1873 Athenienses
1261 1832 1315 1874 ad
1341 1834 1676 1890 recuperandum

212 1900 382 1957 Sigeum
403 1899 445 1940 in
467 1898 808 1956 Mitylenaeorum
831 1914 979 1940 manus
998 1914 1133 1956 nuper
1152 1899 1382 1956 delapsum.
1437 1901 1678 1944 Scholiastae

212 1968 351 2016 verba,
373 1967 494 2024 cujus
523 1982 575 2008 ex
604 1966 850 2008 auctoritate
881 1977 967 2008 tota
996 1966 1065 2008 illa
1094 1966 1262 2024 pendet,
1287 1983 1414 2024 quam
1444 1969 1675 2022 attulimus,

209 2036 508 2093 interpretatio,
529 2035 620 2077 haec
649 2044 771 2076 sunt:
804 2038 1068 2087 Μιτυληναῖοι
1095 2035 1292 2090 ἐμάχοντο
1320 2037 1419 2090 πρὸς
1443 2036 1679 2090 Ἀθηναίους

210 2106 299 2158 περὶ
327 2107 481 2148 πόλεως
509 2105 678 2158 Σιγείου·
714 2103 929 2159 (Laertius
954 2102 996 2143 in
1030 2102 1114 2144 vita
1142 2103 1294 2145 Pittaci
1328 2118 1365 2155 1,
1393 2116 1460 2160 74.
1491 2108 1581 2161 περὶ
1609 2111 1678 2159 τῆς

209 2172 497 2228 Ἀχιλλειτίδος
509 2174 652 2227 χώρας.
677 2172 827 2214 Strabo
845 2185 907 2228 13.
930 2187 972 2228 p.
989 2184 1088 2227 413.
1106 2173 1201 2214 Cas.
1222 2172 1267 2214 τὸ
1286 2171 1522 2228 Ἀχίλλειον
1542 2185 1679 2229 vocat,

210 2241 283 2297 qui
304 2240 480 2282 Achillis
501 2242 702 2298 templum
724 2250 765 2282 et
793 2239 1059 2296 sepulchrum
1089 2241 1187 2294 πρὸς
1211 2244 1263 2297 τῷ
1290 2245 1433 2299 Σιγείῳ
1453 2249 1674 2302 memorat)

211 2309 345 2361 ἔδοξεν
375 2309 446 2351 οὖν
471 2310 696 2365 μονομαχίᾳ
722 2311 844 2350 λῦσαι
870 2308 940 2350 τὸν
966 2309 1157 2361 πόλεμον,
1181 2310 1244 2351 καὶ
1270 2311 1368 2364 ὑπὲρ
1394 2313 1469 2364 μὲν
1499 2316 1677 2367 Μιτυλη-

211 2379 332 2419 ναίων
353 2376 538 2430 ἐπολέμει
559 2377 771 2427 Πιττακὸς,
790 2378 889 2430 ὑπὲρ
918 2379 962 2418 δὲ
980 2377 1204 2428 Ἀθηναίων
1233 2379 1411 2432 Φρύνων·
1447 2381 1540 2436 (qui
1571 2381 1677 2424 Dio-

210 2445 306 2502 geni
326 2445 496 2487 Laertio
516 2445 842 2499 παγκρατιαστής.
899 2445 1021 2487 Idem
1042 2445 1230 2497 fortasse,
1251 2462 1375 2502 quem
1396 2448 1610 2491 Eusebius
1627 2466 1677 2492 eo

211 2511 376 2552 nomine
406 2510 459 2552 ad
490 2511 782 2568 Olympiadem
813 2513 882 2568 36.
915 2511 1107 2567 collocat)
1135 2512 1370 2565 ἡττηθέντος
1394 2515 1438 2555 δὲ
1464 2516 1677 2568 Φρύνωνος

211 2580 369 2630 διελύθη
389 2580 439 2620 τὰ
456 2581 523 2630 τῆς
542 2579 683 2633 μάχης,
704 2580 821 2636 quasi
842 2595 893 2620 ex
926 2580 1002 2622 hac
1023 2580 1195 2622 victoria
1216 2581 1388 2637 Sigeum
1408 2582 1679 2624 Atheniensi-

211 2647 292 2688 bus
325 2646 516 2694 cesserim
556 2647 662 2688 sicut
695 2647 866 2689 innuere
902 2648 1068 2690 videtur
1103 2649 1343 2705 Polyaenus,
1381 2650 1434 2691 de
1468 2651 1558 2701 reti,
1591 2667 1678 2708 quo

211 2714 428 2771 impedivit
460 2714 727 2771 Phrynonem
759 2715 963 2766 Pittacus,
985 2732 1126 2772 agenS,
1151 2730 1190 2767 1,
1215 2727 1280 2772 25.
1312 2718 1376 2759 καὶ
1407 2719 1566 2771 Σίγειον
1595 2724 1679 2764 τοῖς

210 2784 386 2836 δεσμίοις
403 2784 453 2839 τῷ
474 2799 517 2823 τε
536 2783 634 2838 λίνῳ
656 2783 880 2837 ἐθήρευσεν.
913 2784 1056 2840 Magis
1075 2784 1226 2825 diserte
1248 2785 1443 2826 Laertius
1463 2800 1497 2837 1,
1522 2798 1589 2841 74.
1614 2789 1679 2831 καὶ

212 2851 366 2895 κτείνας
405 2851 640 2892 ἀνεσώσατο
679 2851 724 2892 τὸ
764 2853 922 2906 χωρίον.
987 2851 1134 2894 Statim
1179 2868 1275 2894 vero
1314 2854 1477 2896 subdit:
1509 2857 1678 2910 ὕστερον

209 2918 344 2970 μέντοι
364 2920 489 2973 φησὶν
511 2918 818 2972 Ἀπολλόδωρος
848 2921 892 2962 ἐν
921 2925 1004 2965 τοῖς
1033 2925 1231 2975 χρονικοῖς
1261 2925 1559 2975 διαδικασθῆναι
1587 2925 1678 2970 τοὺς
1734 2943 1737 2947 ’
