1962 3224
581 151 672 225 Ab
702 182 1141 226 CHOEPHORAS.
1512 182 1593 224 481

134 295 351 353 Frequens
379 298 646 351 θερμολουσία
675 297 889 339 luxuriosa
918 296 1172 354 putabatur:
1207 295 1292 337 vid.
1317 294 1399 338 od.
1422 299 1473 338 Θ.
1499 305 1597 349 247.

131 363 204 405 ubi
234 366 353 422 plura
383 365 645 408 Eustathius.
695 365 959 422 Hermippus
988 364 1103 420 apud
1130 363 1288 406 Athen.
1316 378 1352 413 1,
1384 379 1427 420 p.
1453 364 1518 406 18.
1543 364 1596 405 C.

133 433 206 474 Μδι
226 433 295 475 τὸν
314 433 398 482 Δί’,
419 434 466 476 οὗ
487 433 563 487 μέν
586 449 647 475 τοι
675 433 836 486 μεθύειν
864 433 936 475 τὸν
965 433 1090 487 ἄνδρα
1117 432 1194 487 χρὴ
1214 431 1298 474 Τὸν
1318 431 1484 486 ἀγαθὸν,
1507 431 1598 474 οὐδὲ

133 503 423 554 θερμολουτεῖν·
457 503 483 545 ἃ
502 503 554 545 σὺ
572 505 710 545 ποιεῖς.
743 501 976 543 BLOMF.

190 569 411 622 θελκτήρια,
452 569 650 625 στρωμνὴ]
703 569 977 611 Scribendum
1018 569 1231 622 θελκτηρία
1279 568 1464 622 στρωμνὴ
1501 582 1598 609 cum

132 635 397 678 VVakefieldo
419 637 521 679 Silv.
543 637 633 679 crit.
657 638 698 691 ξ.
728 638 820 690 164.

189 704 290 758 671.
332 706 491 748 δικαίων
529 704 561 745 τ’
601 703 801 760 ὀμμάτων]
837 703 1123 760 Benignorum
1162 703 1387 761 hospitum.
1432 704 1599 745 WEL-

131 771 368 815 LAUER.

189 842 287 894 672.
325 842 507 894 βούλιος,
546 841 615 882 Ad
652 841 872 883 consilium
910 841 1145 898 pertinens.
1190 839 1219 882 i.
1247 855 1288 897 q.
1327 840 1597 891 βουλευτικός.

132 908 264 950 Recte
284 908 410 951 schol.
434 910 469 951 εἰ
488 909 535 951 οὗ
555 910 620 950 διὰ
639 910 776 960 ξενίαν
793 911 921 960 ἥκετε,
942 909 1052 950 ἆλλᾶ
1072 908 1121 950 δι’
1141 908 1245 950 ἄλλο
1265 923 1316 949 τι.
1345 907 1578 949 BLOMF.

190 977 291 1032 675.
315 978 569 1031 αὐτόφορτος,
591 978 690 1034 Ipse
713 978 926 1019 sarcinam
947 982 1156 1032 portans:
1186 991 1269 1017 non
1290 990 1417 1017 curru
1437 986 1597 1017 vectus.

132 1044 323 1102 Hesych.
354 1045 622 1099 Αὗτόφορτοιε
657 1044 940 1087 αὖτοδιάκονοι.
975 1045 1111 1098 κυρίως
1140 1045 1199 1095 δὲ,
1228 1045 1267 1085 οἱ
1299 1045 1344 1085 ἐν
1377 1046 1458 1087 τοῖς
1490 1043 1600 1086 ἰδίοις

131 1113 300 1156 πλοίοις.
343 1115 553 1167 Σοφοκλῆς
573 1112 735 1170 Θυέστῃ
756 1113 965 1168 Σικυωνίῳ.
998 1113 1020 1153 ὁ
1049 1113 1092 1153 δὲ
1118 1115 1308 1165 Κρατῖνος
1339 1112 1383 1153 ἐν
1412 1112 1597 1164 Χείρωνι,

132 1179 223 1224 τοὺς
251 1182 301 1222 τὰ
331 1182 443 1222 κοινᾶ
472 1180 776 1234 φορτιζομένους
806 1180 895 1234 ἔφη.
956 1179 1088 1221 Navis
1117 1179 1304 1221 oneraria
1328 1188 1417 1220 erat
1446 1180 1597 1232 φόρτις,

132 1259 239 1287 onus
258 1246 323 1288 vel
352 1245 508 1288 sarcina
528 1248 619 1303 ejus
639 1247 798 1300 φόρτος,
823 1246 934 1288 unde
952 1247 1214 1300 μυριόφορτος
1238 1251 1346 1290 ναῦς.
1398 1247 1597 1287 Ceterum

134 1313 375 1367 αὖτόφορτος
394 1314 504 1356 valet
533 1316 623 1372 ipsc
651 1330 746 1356 cum
774 1316 961 1364 sarcina,
978 1314 1082 1355 sicut
1105 1314 1332 1356 αὐτόκωπον
1351 1315 1466 1368 ξίφος
1485 1316 1599 1355 ensis

131 1395 226 1422 cum
241 1382 479 1433 manubrio,
495 1398 621 1439 supra
637 1393 732 1438 157.
765 1382 833 1425 Sic
853 1383 1134 1436 αὐτόπρεμνος,
1150 1383 1371 1436 αὐτόρριζος
1384 1392 1426 1423 et
1438 1381 1597 1424 similia.

133 1450 366 1492 BLOMF.

158 1569 160 1572 v
189 1519 312 1574 οἰκείᾳ
341 1517 467 1575 σάγῃ]
500 1519 603 1574 οἰκίᾳ
619 1517 724 1572 σάγη
744 1519 810 1560 Μ.
854 1519 992 1563 οἰκίαις
1011 1519 1088 1572 ἄγη
1110 1517 1257 1560 Guelf.
1280 1517 1381 1559 Ald.
1404 1526 1446 1560 et
1465 1517 1599 1560 codex

132 1585 378 1628 Robortelli.

187 1654 286 1707 676.
310 1654 370 1711 ἐς]
396 1652 668 1696 Scribendum
693 1655 762 1697 εἷς.
901 1705 911 1710 ,

190 1722 324 1776 ὥσπερ
354 1720 454 1775 δεῦρ’
476 1722 672 1775 ἀπεζύγην
700 1722 839 1777 πόδας]
877 1721 1233 1770 Quemadmodum
1255 1735 1318 1762 me
1337 1721 1417 1762 huc
1437 1721 1600 1762 venisse

132 1789 297 1831 vidctis.
327 1788 640 1830 ABRESCH.
672 1813 678 1817 -

189 1857 289 1910 678.
324 1857 454 1899 Recte
477 1856 715 1908 Schutzius‚
736 1857 993 1910 ἐξιστορήσας
1022 1858 1130 1907 ὁδόν,
1151 1858 1387 1899 sciscitatus
1406 1871 1487 1912 quo
1507 1862 1598 1897 ten-

133 1925 286 1975 derem,
307 1924 371 1965 καὶ
392 1924 620 1977 σαφηνίσας
638 1925 746 1974 ὁδόν,
770 1925 883 1965 viam
902 1939 1031 1981 quum
1051 1930 1334 1966 monstrasset.
1366 1924 1600 1965 BLOMF.

190 1993 290 2046 679.
312 1991 524 2046 Στρόφιος]
549 1990 684 2047 Apud
707 1990 924 2048 Sophoclis
943 1991 1152 2033 Electram
1175 1993 1246 2044 46.
1266 1991 1355 2048 ipse
1378 1990 1602 2046 Strophius

132 2058 269 2100 nuntii
291 2072 508 2115 personam
538 2057 689 2108 induit,
712 2058 922 2115 refertque
941 2059 1057 2115 quod
1086 2059 1223 2116 ipsum
1245 2059 1412 2101 miserat
1435 2058 1603 2100 Phano-

133 2137 225 2169 teus
244 2125 483 2176 Phocensis,
503 2125 691 2179 μέγιστος
711 2126 842 2170 αὐτοῖς
867 2126 1100 2180 δορυξένων.
1149 2129 1304 2170 Noster
1324 2129 1478 2184 Agam.
1503 2127 1600 2183 853.

131 2193 283 2248 Τρέφει
301 2195 378 2248 γὰρ
397 2193 517 2235 αὐτὸν
537 2193 700 2245 εὐμενὴς
727 2194 944 2247 δορύξενος,
967 2196 1164 2249 Στρόφιος
1193 2197 1214 2237 ὁ
1245 2196 1420 2238 Φωκεύς.
1483 2196 1597 2236 Stro-

130 2262 255 2319 phius
274 2261 396 2304 etiam
417 2260 710 2303 nominabatur
731 2261 903 2318 Pyladis
922 2271 1055 2319 pater,
1073 2263 1147 2319 qui
1166 2278 1262 2304 eum
1283 2262 1445 2304 aedibus
1465 2262 1600 2319 ejecit,

130 2328 339 2387 pollutum
369 2344 456 2371 esse
485 2328 640 2380 dicens,
661 2328 776 2385 quod
807 2343 892 2370 una
920 2345 1013 2371 cum
1038 2331 1186 2372 Oreste
1215 2340 1419 2388 patrasset
1443 2330 1601 2373 caedem

134 2399 475 2454 Clytaemnestrae.
526 2396 676 2453 Eurip.
699 2398 775 2439 Or.
800 2399 896 2453 763.
931 2399 1156 2441 STANL.

189 2464 290 2507 680.
333 2464 443 2520 κίεις]
475 2465 567 2506 Vox
608 2465 847 2515 Homerica,
889 2479 963 2507 nec
1000 2465 1198 2522 Sophocli
1232 2481 1368 2522 neque
1402 2466 1599 2523 Euripidi

134 2541 395 2588 usurpatum.
442 2532 559 2573 Pers.
592 2533 714 2585 1069.
746 2531 904 2575 αἰακτὸς
937 2534 992 2576 εἷς
1025 2534 1165 2584 δόμους
1198 2534 1268 2574 κίε.
1318 2534 1467 2589 Suppl.
1497 2545 1598 2588 500.

132 2598 372 2653 τεταγμένος
393 2599 474 2639 κίω.
506 2598 739 2640 BLOMF.

189 2667 289 2720 684.
312 2666 387 2723 είς]
414 2665 685 2707 Scribendum
708 2667 760 2709 ἐς.

190 2736 247 2778 εἷς
279 2733 324 2775 τὸ
356 2732 451 2788 πᾶν]
488 2733 681 2774 Omnino.
733 2731 914 2773 Locutio
945 2732 1141 2788 frequens
1179 2732 1294 2789 apud
1330 2733 1595 2790 AEschylum.

135 2802 255 2843 Infra
275 2802 371 2856 926.
394 2800 514 2841 ἔλακε
536 2798 567 2840 δ’
591 2801 646 2843 εἰς
665 2798 710 2840 τὸ
731 2802 824 2840 πᾶν.
871 2799 999 2840 Eum.
1020 2811 1093 2854 52.
1116 2801 1172 2843 εἰς
1195 2801 1240 2842 τὸ
1264 2803 1343 2843 πᾶν
1363 2803 1600 2855 βδελύκτρο-

132 2885 214 2911 ποι.
260 2881 357 2911 200.
377 2865 494 2908 Ἀλλ’
518 2868 571 2909 εἰς
603 2867 648 2907 τὸ
669 2869 748 2907 πᾶν
769 2866 949 2919 ἔπραξας,
973 2867 1024 2910 ὣς
1054 2868 1272 2912 παναίτιος.
1319 2869 1474 2925 Agam.
1500 2870 1597 2921 664.

134 2936 267 2992 [682.]
303 2938 357 2979 εἷς
393 2935 438 2976 τὸ
466 2937 546 2976 πᾶν
580 2935 785 2986 ἐτητύμως.
833 2934 997 2990 [Eum.]
1030 2935 1097 2990 83.
1123 2933 1245 2977 ”Ωστ’
1278 2937 1334 2980 εἰς
1367 2936 1411 2977 τὸ
1440 2940 1520 2979 πᾶν
1549 2954 1599 2980 σε

829 3015 902 3057 31²
