1962 3224
8 2731 17 2741 f
8 2667 22 2693 i*
0 2508 23 2658 nesse-rw»

586 188 677 228 AD
708 186 1245 229 AGAMEMNONEM.
1567 186 1652 228 405

192 302 219 317 ”
243 299 365 352 1176.
387 297 664 354 θανατοφόρα]
688 298 947 350 θανατηφόρα
968 297 1026 338 Τ.

243 368 365 422 1178.
388 367 432 407 ἐκ
452 364 729 419 καλυμμάτων]
750 364 826 405 Ex
847 364 1136 406 velaminibus.
1169 361 1474 418 “AEsehylus,”
1494 363 1609 419 quod
1628 379 1655 405 a

184 434 367 477 Stanleio
386 443 592 483 notatum,
609 437 637 455 “
654 431 820 488 respicit
839 431 1060 487 antiquum
1079 445 1252 479 morem,
1269 445 1355 486 quo
1370 445 1491 471 novae
1508 439 1653 487 nuptae

181 511 308 559 caput
327 500 560 542 involutum
585 507 671 542 erat
693 499 900 550 flammeo,
919 497 1019 540 boni
1039 497 1188 539 ominis
1210 513 1350 548 causa,
1371 504 1420 539 ut
1432 505 1655 554 perpetuo,

180 569 318 626 inquit
348 570 515 621 Festus,
541 583 634 610 cum
667 569 760 609 viro
789 573 990 608 maneret.
1053 566 1202 607 Tertio
1230 565 1298 607 die
1334 566 1420 607 sine
1451 565 1654 608 velamine

183 637 404 694 prodeunti
434 651 595 693 sponsae
624 635 834 677 dabantur
868 649 1042 675 munera
1072 649 1167 690 quae
1202 633 1299 675 inde
1333 634 1656 688 ἆνακαλυπτήρια

181 705 292 747 dicta
312 713 421 746 sunt.
453 704 604 761 Eurip.
629 704 727 761 Iph.
748 705 807 744 A.
829 714 951 757 1147.
974 703 1092 744 ἄκουε
1113 702 1158 754 δή
1189 717 1272 744 νυν·
1305 704 1551 757 ἀνακαλύψω
1578 706 1656 757 γὰρ

181 775 339 827 λόγους,
380 772 546 814 Κούκέτι
583 775 778 827 παρῳδοῖς
817 770 1058 826 χρησόμεσθ’
1101 772 1368 825 αἰνίγμασιν.”
1428 773 1536 813 Haec
1570 771 1654 813 ille.

182 841 375 899 Alciphr.
396 854 434 892 1,
455 855 523 897 39.
546 841 591 882 οὗ
619 842 696 894 γὰρ
723 842 788 881 διὰ
816 840 1186 893 παραπετασμάτων
1218 841 1311 894 ἐγὼ,
1343 841 1481 894 φησὶν,
1514 841 1657 894 ἀγωνί-

183 927 316 963 σομαι.
354 909 573 951 Iamblich.
604 924 670 965 ap.
707 908 824 949 Stob.
854 922 925 961 44.
955 924 997 965 p.
1032 921 1127 963 279.
1161 908 1361 950 Trincav.
1396 910 1558 961 γυμνὰς,
1593 909 1656 951 καὶ

183 978 536 1031 ἆπερικαλύπτους,
572 977 634 1018 καὶ
671 977 791 1031 χωρὶς
828 980 906 1017 τῶν
942 977 1088 1028 ἔξωθεν
1126 976 1510 1030 παραπετασμάτων.
1572 976 1656 1018 Sed

183 1046 261 1087 hoc
282 1055 460 1088 tractum
481 1054 542 1087 est
557 1045 611 1087 ab
631 1044 774 1086 aulaeis
796 1043 965 1086 thalami
986 1044 1147 1086 foribus
1167 1043 1360 1086 obtentis.
1409 1043 1511 1085 Alio
1533 1060 1654 1087 sensu

183 1114 292 1155 dixit
329 1113 554 1170 Sophocles
590 1113 746 1155 Trach.
776 1113 899 1155 1080.
932 1114 1043 1164 δείξω
1077 1115 1154 1167 γὰρ
1185 1111 1266 1154 τάδ’
1306 1114 1349 1153 ἐκ
1380 1112 1653 1164 καλυμμάτων.

183 1182 209 1223 i.
231 1198 266 1224 e.
298 1181 373 1233 ἔξω
405 1181 679 1234 καλυμμάτων,
710 1189 758 1222 ut
790 1190 929 1223 noster
961 1197 1089 1238 supra
1116 1183 1213 1236 672.
1247 1182 1291 1222 ἐκ
1315 1184 1394 1222 τῶν
1416 1181 1656 1234 ἆβροπήνων

183 1250 535 1305 προκαλυμμάτων.
568 1251 802 1292 BLOMF.

246 1328 370 1372 1179.
393 1318 546 1371 νύμφης
566 1318 791 1359 Porsonus.
823 1317 981 1370 νύμφας
1001 1318 1143 1374 vulgo.
1177 1317 1286 1370 νύμφ
1308 1318 1366 1358 Τ.

246 1385 369 1426 1180.
411 1385 800 1440 λαμπρὸς-πνέων]
855 1385 1120 1428 Vehementer
1156 1387 1346 1442 spirans,
1386 1399 1468 1426 non
1515 1393 1657 1426 autem

184 1454 447 1509 manfietus,
487 1453 602 1510 quod
641 1462 846 1510 putarunt
884 1454 1142 1509 interpretes.
1223 1453 1373 1495 Alexis
1412 1453 1571 1495 Athen.
1615 1454 1657 1507 8,

184 1538 227 1579 p.
254 1522 352 1577 338.
380 1522 438 1562 D.
473 1522 667 1575 πρότερον
698 1523 773 1574 μὲν
807 1523 842 1563 εἰ
871 1522 1057 1563 πνεύσειε
1092 1523 1243 1575 Βοῤῥᾶς
1275 1521 1300 1574 ἢ
1333 1523 1464 1565 Νότος
1496 1521 1570 1563 Ἐν
1608 1524 1658 1579 τῇ

185 1589 360 1641 θαλάττῃ
389 1590 585 1643 λαμπρὸς,
609 1591 722 1644 ἰχθῦς
751 1591 820 1631 οὐκ
852 1589 901 1631 ἂν
927 1590 977 1642 ἦν
998 1591 1074 1644 (R.
1097 1591 1147 1631 P.
1171 1590 1286 1631 Adv.
1308 1606 1349 1647 p.
1372 1593 1486 1646 102.)
1510 1591 1657 1632 Οὗδενὶ

185 1662 345 1712 φαγεῖν.
368 1657 575 1699 Herodot.
599 1670 639 1710 2,
660 1659 728 1713 96.
759 1661 881 1700 ταῦτα
906 1660 956 1699 τὰ
979 1663 1103 1700 πλοῖα
1130 1659 1208 1700 ἀνὰ
1226 1660 1301 1711 μὲν
1321 1659 1391 1701 τὸν
1410 1658 1590 1711 ποταμὸν
1610 1658 1657 1700 οὐ

187 1727 374 1769 δύνανται
392 1725 545 1774 πλέειν,
568 1724 616 1778 ἣν
635 1726 687 1778 μὴ
717 1726 900 1780 λαμπρὸς
931 1726 1074 1778 ἄνεμος
1104 1726 1244 1782 ἐπέχῃ.
1278 1726 1416 1768 Schol.
1440 1725 1656 1767 Theocrit.

190 1807 259 1849 13,
282 1804 349 1848 25.
372 1795 487 1835 νότου
507 1797 690 1847 λαμπροῦ
711 1794 913 1838 πνέοντος.
969 1793 1063 1835 Vid.
1086 1794 1259 1835 Dobraei
1281 1793 1502 1850 Aristoph.
1523 1808 1565 1849 p.
1588 1807 1656 1849 90.

187 1860 303 1918 Virg.
327 1862 483 1917 Georg.
503 1875 541 1913 1,
559 1863 657 1914 460.
685 1863 748 1903 Et
777 1861 888 1903 claro
917 1876 1057 1903 cernes
1086 1863 1230 1919 sylvas
1250 1863 1455 1919 Aquilone
1484 1862 1656 1903 moveri.

188 1929 353 1985 Nempe
373 1929 429 1970 sic
450 1928 604 1971 dicitur
623 1939 773 1971 ventus
794 1929 1027 1978 vehemens,
1045 1930 1145 1986 quia
1163 1931 1336 1972 obscuro
1359 1931 1546 1986 deterget
1574 1943 1657 1970 nu-

187 1997 271 2037 bila
290 1997 402 2038 coelo.
423 1997 536 2038 unde
554 1997 614 2038 vis
627 1997 800 2053 epitheti
820 1997 862 2038 in
883 1997 963 2038 hoc
982 1997 1074 2038 loco
1093 1997 1356 2054 perspicitur.
1387 1996 1656 2048 Vaficinium,

188 2063 254 2105 vel
286 2063 516 2115 oraculum,
547 2075 672 2107 vento
708 2074 1000 2122 comparatum
1046 2065 1311 2117 calamitates,
1333 2081 1438 2123 quas
1468 2064 1657 2122 impellit,

187 2132 398 2175 fluctibus.
430 2133 662 2175 BLOMF.

251 2203 373 2244 1181.
396 2201 573 2258 ἑσήξειν]
597 2200 756 2256 ἐσᾴξειν
776 2201 967 2244 Bothius.

249 2271 373 2313 1182.
395 2271 548 2319 κλύζειν
568 2270 772 2311 Auratus.
807 2270 940 2311 κλύειν
959 2269 1066 2311 libri.

248 2337 391 2393 αὐγὰς]
409 2339 527 2382 ἀκτὰς
546 2338 748 2379 Auratus.
782 2337 850 2380 Sic
871 2337 1022 2395 Eurip.
1047 2337 1223 2394 Hippol.
1238 2346 1360 2391 1227.
1384 2341 1485 2390 κῦμα
1505 2336 1660 2379 dicitur

189 2410 334 2460 χωρεῖν
360 2406 459 2459 πρὸς
488 2408 617 2450 ἀκτὰς.
680 2406 723 2448 Si
743 2406 963 2463 vulgatum
986 2415 1096 2447 recte
1117 2421 1158 2447 se
1179 2405 1320 2456 habet,
1341 2405 1658 2463 intelligendum

191 2473 270 2515 erit
289 2474 346 2514 ad
364 2474 502 2524 solem,
515 2475 678 2531 palam.
711 2474 943 2516 BLOMF.

255 2555 272 2582 1
284 2542 377 2593 184.
400 2542 645 2596 συνδρόμως]
673 2541 806 2584 Scrib.
826 2540 1050 2595 ξυνδρόμως
1068 2556 1165 2583 cum
1183 2542 1382 2593 Porsono‚
1400 2550 1442 2583 et
1462 2542 1662 2596 ξύμφθογ-

192 2625 263 2662 γος
283 2624 324 2649 v.
344 2608 467 2662 1187.
489 2610 691 2662 ξυγγόνων
711 2624 750 2650 v.
769 2622 890 2664 1190.

255 2676 335 2717 118
336 2685 380 2730 5.
401 2676 666 2732 ῥινηλατούσῃ
688 2676 754 2717 Fl.
778 2677 835 2718 T.
865 2677 1151 2729 ῥινηλατούσης
1173 2676 1319 2732 Steph.

254 2756 272 2784 1
288 2756 379 2798 190.
399 2741 591 2796 Ἐρινύων
610 2743 896 2785 Blomfieldus.
927 2743 1143 2797 Ἐριννύων
1162 2743 1304 2800 vulgo.

255 2824 273 2854 Ι
286 2823 379 2866 192.
402 2811 653 2866 πρώταρχον]
674 2812 905 2866 πρώταρχος
925 2810 991 2853 Fl.

257 2891 377 2934 1194.
404 2882 506 2932 θηρῶ
527 2879 745 2921 Canterus.
781 2883 882 2933 τηρῶ
902 2878 1011 2922 libri.
1045 2880 1210 2933 ἐπιτηρῶ
1229 2877 1290 2937 gl·
1311 2877 1353 2921 in
1375 2880 1431 2922 T.
