1962 3224
362 183 447 226 594
834 186 1250 228 ΑΝΝΟΤΑΤΙΟΝ
1254 187 1326 228 Es

427 294 519 346 267.
540 295 845 346 δρακονθόμιλον
865 296 1050 337 Bothius.
1083 296 1258 349 δράκονθ’
1280 298 1419 348 ὅμιλον
1438 296 1543 338 libri.

426 360 520 414 269.
542 359 761 414 ἀμέμπτως]
785 366 963 412 μεμπτῶς
982 363 1045 403 Μ.
1068 364 1163 404 Par.
1187 362 1326 404 Guelf.
1349 363 1449 404 Ald.

421 424 557 481 Ἀπις]
589 426 715 467 ἄπεισ’
739 428 804 467 Μ.
825 437 877 478 et,
900 439 947 469 ut
966 429 1123 484 opinor,
1147 430 1242 470 Par.
1274 445 1323 470 ex
1354 445 1438 485 quo
1467 429 1615 471 ἄπειστ’
1636 439 1802 472 annota-

370 502 472 533 tum.
504 492 627 533 ἔπεισ’
649 492 749 533 Ald.

428 569 524 612 270.
555 559 907 617 μνήμην-λιταῖς]
937 562 1019 601 Ρνο
1048 563 1208 603 meritis
1235 563 1341 603 hanc
1369 563 1588 604 mercedem
1619 564 1728 614 tulit,
1756 571 1804 605 ut

369 626 458 680 ejus
475 627 671 666 memoria
686 627 870 667 benevole
883 628 1053 677 colatur,
1069 629 1233 684 ipseque
1249 635 1443 685 tanquam
1461 631 1632 671 tutelare
1649 645 1802 671 numen

367 693 556 746 precibus
575 694 801 733 invocetur.
833 694 963 734 SCH.

427 757 510 798 ποτ’
528 759 772 812 ἀντίμισθον]
791 764 1135 801 πονταντινεισθον
1155 762 1219 802 Μ.
1242 762 1337 802 Par.
1361 761 1502 803 Guelf.
1521 777 1613 803 cum
1634 771 1802 804 accentu

371 823 413 864 in
435 823 589 879 syllaba
608 825 726 865 tertia
744 824 844 866 Ald.
877 830 1196 868 ποντατινεισθον
1216 827 1327 868 Rob.

428 890 566 945 εὕρετ’]
594 891 861 933 Scribendum
882 892 1017 945 ηὕρετ’.

430 969 522 1011 271.
556 957 686 1011 ἔχουσ’
719 959 859 1014 Steph.
889 959 1059 1000 lectione
1091 969 1289 1015 suspecta.
1335 960 1505 1014 ἔχουσαν
1534 960 1637 1002 Ald.
1668 962 1803 1003 Turn.

375 1024 470 1077 ἔχον
490 1023 519 1065 δ’
542 1023 590 1065 ἂν
611 1026 677 1065 Μ.
719 1025 813 1078 ἔχον
833 1025 882 1066 ἂν
904 1026 1044 1067 Guelf.
1090 1027 1194 1080 ἔχεις
1213 1026 1246 1067 δ’
1266 1027 1314 1068 ἂν
1335 1027 1444 1069 Rob.
1492 1027 1640 1081 ἔχουσα
1660 1032 1729 1070 νῦν
1759 1029 1804 1080 δὴ

373 1091 613 1147 Burgesius.

431 1167 482 1209 27
490 1169 526 1199 2.
546 1157 764 1210 γένος-οὖ
779 1157 934 1211 στέργει
952 1159 1081 1213 πόλις]
1103 1160 1165 1200 Ut
1182 1161 1410 1200 Homerum
1431 1169 1555 1217 atque
1576 1161 1803 1202 Pindarum

375 1225 603 1277 ἐξεύχεσθαι
633 1239 749 1264 sensu
770 1225 1008 1265 declarandi
1027 1224 1259 1266 adhibuisse
1277 1237 1385 1267 notae
1414 1227 1560 1269 docent
1588 1228 1640 1269 ad
1661 1229 1801 1284 Hesy-

373 1290 520 1341 chium,
543 1290 614 1346 qui
635 1299 675 1331 et
698 1291 883 1344 εὔχεσθαι
911 1291 1017 1332 inter
1036 1291 1114 1332 alia
1142 1292 1249 1348 expl.
1278 1308 1352 1349 per
1376 1294 1523 1347 λέγειν,
1545 1294 1600 1336 sio
1622 1295 1801 1351 AEschy-

373 1357 438 1398 lus
466 1372 646 1413 quoque.
696 1357 831 1398 Verba
860 1358 922 1398 καὶ
952 1358 1085 1410 λέγοις
1113 1359 1246 1411 πρόσω
1277 1360 1496 1416 respiciunt
1525 1377 1564 1403 V.
1588 1375 1681 1417 249.
1708 1362 1804 1415 πρὸς

373 1424 475 1465 ταῦτ’
500 1426 679 1476 ἀμείβου.
739 1424 826 1465 Ubi
856 1439 949 1465 cum
979 1425 1085 1481 regis
1115 1441 1338 1467 sermonem
1367 1427 1488 1483 plura
1515 1428 1804 1485 interrogaturi

370 1491 665 1547 interpellarint
691 1492 881 1547 virgines,
911 1492 945 1533 is
975 1507 1085 1533 nunc
1116 1493 1181 1534 hic
1214 1493 1489 1536 continuatur.
1548 1495 1682 1536 Addit
1715 1511 1801 1546 rex,

370 1559 520 1611 μακράν
539 1576 586 1612 γε
604 1559 681 1611 μὴν
707 1559 752 1610 δὴ
777 1561 891 1612 ῥῆσιν
915 1560 959 1600 οὐ
989 1560 1144 1613 στέργει
1172 1562 1298 1603 πόλις.
1357 1562 1420 1602 Ut
1440 1576 1585 1618 nempe
1605 1563 1801 1611 Lacones,

373 1624 430 1666 sio
450 1625 597 1681 Argivi
618 1626 977 1682 breviloquentiam
1009 1626 1208 1667 colebant.
1254 1626 1377 1669 Pind.
1402 1628 1551 1669 Isthm.
1574 1630 1614 1679 6,
1637 1630 1703 1682 87.
1734 1630 1804 1671 τὸν

370 1691 560 1745 Ἀργείων
575 1694 719 1744 τρόπον
739 1693 935 1746 εἰρήσεταί
950 1710 1024 1734 που
1044 1695 1115 1734 κᾶν
1133 1694 1377 1747 βραχίστοις,
1398 1694 1469 1734 ubi
1489 1695 1612 1736 schol.
1647 1696 1804 1752 Sopho-

372 1758 444 1798 clis
482 1759 606 1799 verba
643 1759 793 1809 attulit,
832 1763 951 1811 μῦθος
988 1764 1063 1812 γᾶρ
1106 1759 1337 1812 Ἀργολιστὶ
1374 1760 1602 1813 συντέμνειν
1638 1764 1802 1816 βραχύς.

372 1827 675 1868 ABRESCH.

427 1893 542 1946 γένος
561 1893 591 1935 τ’
614 1894 723 1934 Rob.
744 1909 794 1934 ex
811 1894 1044 1949 conjectura
1063 1901 1105 1933 et
1127 1893 1269 1948 Steph.
1302 1893 1443 1946 γένοιτ’
1463 1893 1620 1935 codices
1640 1904 1679 1936 et
1699 1894 1801 1938 Ald.

372 1961 505 2000 Turn.
683 1961 685 1963 ’

429 2028 623 2083 ἐξεύχοιο]
646 2028 819 2080 ἐξεύχθιο
841 2026 941 2067 Ald.
975 2024 1174 2079 ε’ξεύχθοιο
1197 2026 1333 2067 Turn.

426 2094 558 2146 λέγοις
576 2093 729 2149 πρόσω]
751 2093 864 2146 λέγοι
883 2094 1038 2145 πρόσως
1060 2093 1122 2132 Μ.
1147 2093 1239 2133 Par.
1263 2092 1406 2133 Guelf.
1428 2092 1529 2134 Ald.
1552 2095 1688 2135 Turn.

430 2170 524 2215 273.
555 2162 629 2212 μὲν
660 2161 704 2211 δὴ
734 2162 849 2213 ῥῆσιν
883 2159 990 2200 Rob.
1027 2160 1160 2199 Turn.
1199 2159 1340 2214 Steph.
1388 2177 1455 2211 μιν
1483 2160 1527 2211 δὴ
1559 2162 1674 2213 ῥῆσιν
1707 2163 1801 2203 Par.

374 2227 516 2268 Guelf.
545 2244 612 2279 μιν
632 2228 781 2279 δηρίσιν
803 2227 866 2266 Μ.
887 2225 988 2266 Ald.

430 2305 524 2348 275.
545 2293 822 2346 ἐξευχόμεσθα]
849 2292 1114 2345 ἐξερχόμεσθα
1133 2291 1232 2332 Ald.
1257 2293 1389 2333 Turn.

432 2360 526 2412 276.
565 2358 801 2411 προσφύσω]
838 2356 1055 2409 προσφήσω
1093 2357 1204 2397 Rob.
1234 2356 1448 2412 Aristoph.
1482 2357 1594 2398 Nub.
1623 2368 1720 2412 371.
1750 2359 1803 2400 ab

374 2425 603 2467 Abreschio
633 2433 903 2481 comparatuS‚
935 2425 1048 2465 τοῦτό
1075 2424 1124 2477 γέ
1156 2441 1215 2465 τοι
1251 2427 1304 2479 τῷ
1339 2424 1422 2465 νυνὶ
1454 2425 1560 2479 λόγῳ
1592 2423 1634 2467 εὖ
1663 2426 1804 2479 προσέ-

373 2499 513 2546 φυσας.

432 2570 528 2615 277.
550 2558 713 2614 ἄπιστα]
736 2559 903 2599 ἄπειστα
922 2558 986 2597 Μ.
1009 2556 1149 2598 Guelf.
1171 2557 1282 2598 Rob.

434 2627 526 2668 280.
548 2627 722 2679 γυναιξίν
743 2624 853 2680 ἐστε]
875 2625 1025 2678 γυναιξὶ
1045 2623 1074 2664 δ’
1096 2625 1187 2665 ἐστὲ
1207 2625 1271 2664 Μ.
1293 2623 1394 2665 Ald.
1415 2624 1523 2665 Rob.

434 2695 527 2735 281.
549 2692 725 2747 θρέψειε]
747 2692 932 2744 θρέψειεν
951 2692 1017 2732 Μ.
1039 2689 1140 2732 Ald.
1162 2690 1272 2732 Rob.

433 2761 528 2803 282.
558 2760 725 2811 Κύπριος
752 2757 963 2812 χαρακτὴρ]
995 2756 1231 2807 Scholiasta,
1265 2758 1326 2798 καὶ
1354 2760 1534 2810 γυναῖκες
1565 2757 1614 2799 ἂν
1639 2759 1805 2812 Κύπριαι

377 2826 539 2879 ἀνδράσι
567 2829 741 2878 μιγεῖσαι
764 2824 913 2865 τέκοιεν
941 2822 1024 2864 καθ’
1045 2825 1151 2874 ὑμᾶς.
1210 2825 1277 2864 De
1302 2823 1466 2879 Cypriis
1495 2824 1734 2866 Herodotus
1764 2835 1802 2879 7,

380 2907 448 2948 90.
469 2892 635 2933 τουτέων
654 2893 696 2932 δὲ
716 2890 856 2932 τοσάδε
877 2889 993 2932 ἔθνεά
1012 2891 1107 2931 ἐστι·
1138 2891 1175 2931 οἱ
1192 2891 1265 2941 μὲν
1280 2889 1355 2931 ἀπὸ
1371 2894 1593 2941 Σαλαμῖνος
1612 2891 1673 2933 καὶ
1690 2891 1803 2944 Ἀθη-
