1962 3224
360 189 444 232 486
833 192 1253 236 ANNOTATION
1255 194 1327 235 Es

418 313 512 354 742.
533 301 698 357 ἐκεῖνος]
722 303 872 343 ἐκεῖνον
893 301 1033 343 Guelf.
1054 301 1155 343 Ald.
1176 303 1314 344 Turn.
1335 311 1376 345 et
1395 303 1525 345 codex
1552 305 1796 347 Robortelli.

361 368 480 410 Idem
500 368 628 410 codex
650 369 858 422 εὐφρανεῖν
876 383 952 424 pro
972 369 1168 421 εὐφρανεῖ.

418 445 513 488 744.
534 435 851 488 συγκεκραμμένα
876 434 973 475 Ald.
1012 436 1166 476 Notent
1187 434 1337 476 tirones
1355 435 1634 491 garrulitatem
1655 437 1794 478 ἀνακό-

360 504 506 543 λουθον
525 516 628 542 anus
652 501 839 551 indoctae,
862 506 890 526 ‘⁶
905 501 1017 556 quod
1046 500 1087 541 in
1119 500 1260 556 primis
1286 502 1542 543 commendat
1570 512 1794 552 auctorem,

361 582 454 608 cum
488 582 751 623 personarum
782 568 874 618 ἦθος
907 567 1049 608 dextre
1083 575 1123 607 et
1159 567 1351 621 εὐστόχως
1382 568 1623 624 exprimat.''
1672 569 1795 618 Quod

361 649 455 674 vere
474 633 703 675 observavit
725 633 940 675 Stanleius.
972 633 1200 674 BLOMF.

420 708 517 754 750.
546 698 735 751 μητρόθεν
761 699 986 754 δεδεγμένη]
1021 698 1236 754 Aristoph.
1258 699 1367 740 Ach.
1393 699 1485 752 178.
1516 700 1701 742 σκάνδικά
1729 717 1794 752 μοι

363 765 427 808 δὸς
453 764 644 817 μητρόθεν
673 765 896 818 δεδεγμένη.
925 780 1047 820 quem
1077 780 1237 805 versum
1270 780 1363 805 cum
1398 765 1474 806 hoc
1505 767 1594 807 loco
1623 766 1795 807 contulit

363 833 572 872 Porsonus
590 832 631 871 in
655 831 866 887 Aristoph.
888 846 927 886 p.
947 845 1039 886 113.
1071 831 1298 872 BLOMF.

421 908 514 952 751.
548 898 807 938 Constructio
835 898 960 953 hujus
987 897 1075 948 loci,
1097 906 1144 938 ut
1168 897 1292 953 vulgo
1312 897 1475 953 legitur,
1495 898 1597 940 adeo
1617 900 1794 951 turbata,

363 980 433 1005 seu
454 964 591 1020 potius
611 963 724 1004 nulla
742 972 816 1014 est,
837 973 882 1004 ut
897 963 1073 1019 aliquam
1095 964 1396 1019 corruptionem
1418 964 1542 1006 latere
1561 965 1695 1021 quivis
1711 982 1796 1007 sus-

361 1031 531 1087 picetur.
582 1030 797 1071 Verissime
825 1030 984 1071 monuit
1014 1031 1220 1081 Butlerus‚
1250 1030 1450 1087 prolixam
1482 1040 1523 1072 et
1547 1032 1795 1074 inconditam

362 1097 583 1138 orationem
600 1096 777 1153 garrulae
796 1096 943 1138 nutrici
963 1098 1200 1145 convenire;
1233 1098 1418 1139 soloecam
1439 1113 1485 1139 ac
1514 1099 1634 1154 plane
1655 1099 1797 1140 barba-

362 1179 449 1205 ram
470 1179 550 1204 non
573 1164 683 1205 item.
745 1163 963 1204 Schutzius
983 1174 1103 1218 putat
1123 1164 1276 1220 aliquid
1297 1174 1389 1220 post
1408 1165 1616 1218 δεδεγμένη
1635 1166 1795 1206 interci-

363 1231 492 1279 disse;
528 1232 792 1271 Hermannus
823 1246 918 1271 vero
947 1240 1039 1286 post
1069 1231 1353 1283 κελευσμάτων,
1389 1231 1463 1272 nisi
1492 1231 1708 1287 legendum
1745 1232 1797 1274 sit

365 1298 494 1349 ἔτλην.
542 1299 702 1339 Locum
723 1297 859 1353 aliqua
879 1312 927 1338 ex
950 1306 1065 1353 parte
1084 1297 1372 1353 expeditiorem
1394 1297 1567 1348 reddidi,
1586 1298 1797 1340 scribendo

365 1366 408 1406 ἐκ
427 1380 504 1421 pro
525 1366 586 1406 καὶ
607 1380 643 1406 v.
668 1375 762 1419 751.
784 1365 876 1418 (κᾶκ
903 1365 1072 1415 Portus)
1095 1372 1142 1405 ut
1161 1364 1353 1405 orationis
1381 1365 1495 1407 filum
1525 1366 1796 1423 interrumpa-

365 1440 434 1472 tur
453 1440 546 1488 post
564 1431 703 1484 τριβὴν
723 1446 853 1486 usque
872 1431 923 1472 ad
946 1433 1042 1484 761.
1076 1431 1304 1473 BLOMF.

420 1497 750 1550 νυκτιπλάγκτοον
769 1497 871 1538 Ald.
894 1497 1003 1538 unde
1023 1499 1330 1550 νυκτίπλαγκτον
1351 1500 1486 1541 Turn.

421 1563 695 1615 κελευσμάτων
717 1564 857 1619 Steph.
890 1563 1134 1616 κελευμάτων
1153 1563 1244 1604 libri
1265 1564 1423 1620 reliqui.

421 1641 515 1685 752.
538 1632 600 1672 καὶ
619 1632 770 1685 πολλὰ]
794 1631 817 1682 ἦ
837 1634 970 1673 πολλὰ
986 1633 1199 1686 Musgrav.
1231 1631 1362 1687 Apud
1382 1633 1573 1688 Sophocl.
1590 1635 1658 1674 El.
1677 1648 1796 1689 1143.

363 1697 544 1739 similiter
562 1698 647 1738 fere
666 1699 929 1753 conqueritur
950 1698 1138 1746 Electra3
1171 1699 1288 1750 Οἵμοι
1302 1699 1468 1741 τάλαινα
1484 1703 1550 1751 τῆς
1570 1702 1659 1752 ἐμῆς
1674 1701 1797 1742 πάλαι

363 1768 507 1818 τροφῆς
534 1763 824 1817 Ἀνωφελήτου,
856 1765 926 1816 τὴν
955 1766 1031 1818 ἐγὼ
1061 1764 1147 1817 θάμ’
1173 1766 1273 1817 ἀμφὶ
1297 1767 1361 1807 σοὶ
1391 1766 1510 1822 Πόνῳ
1538 1771 1677 1820 γλυκεῖ
1701 1785 1797 1821 παρ-

364 1831 501 1884 έσχον.
563 1832 615 1871 In
654 1831 729 1872 hoc
762 1831 849 1872 loco
887 1831 1228 1872 constructionem
1269 1831 1324 1872 sic
1361 1833 1527 1888 expedit
1556 1833 1792 1882 scholiasta3

363 1898 599 1951 ἀνωφέλητα
618 1898 702 1948 ἐμοὶ
723 1900 767 1953 τῇ
788 1897 915 1953 τλάσῃ
937 1901 1070 1939 πολλὰ
1090 1899 1151 1940 καὶ
1170 1899 1357 1951 μοχθηρά.
1390 1900 1618 1941 BLOMF.

422 1976 443 2019 7
448 1975 517 2020 53.
539 1965 685 2021 τλάσῃ]
709 1965 847 2006 τλάσει
869 1965 976 2006 Rob.

420 2033 587 2085 ὡσπερεὶ
606 2031 751 2087 βοτὸν]
774 2033 905 2085 ὥσπερ
925 2032 1074 2074 εἶκοτὸν
1096 2034 1162 2074 Μ.
1213 2034 1341 2073 Hunc
1370 2033 1502 2073 locum
1533 2032 1590 2074 ita
1618 2033 1797 2075 reddidit

365 2100 537 2141 Grotius
552 2105 727 2146 ;-aeta.s·
743 2100 899 2154 prima,
919 2113 991 2140 ceu
1010 2100 1173 2140 brutum
1186 2113 1328 2155 pecus,
1352 2100 1408 2140 Ut
1424 2101 1628 2148 educetur,
1650 2101 1798 2142 mentis

361 2167 510 2208 alienae
529 2166 702 2221 indiget.
734 2167 842 2206 Cum
865 2181 903 2207 v,
926 2175 1020 2219 752.
1038 2166 1303 2206 Hermannus
1317 2165 1488 2206 contulit
1509 2166 1628 2206 Iliad.
1651 2171 1683 2215 I,
1695 2179 1794 2221 490.

362 2233 546 2274 Πολλάκι
573 2249 639 2284 μοι
669 2232 902 2274 κατέδευσας
933 2233 995 2272 ἐπὶ
1025 2231 1215 2283 στήθεσσι
1243 2236 1388 2285 χιτῶνα
1411 2233 1543 2281 Οἵνου,
1565 2233 1797 2283 ἀποβλύζων

363 2302 408 2341 ἐν
437 2299 573 2355 νηπιέῃ
602 2299 799 2351 ἀλεγεινῇ.
845 2296 919 2340 Ὡς
949 2299 1017 2338 ε’πί
1042 2315 1107 2339 σοι
1134 2298 1242 2349 μάλα
1269 2296 1389 2338 πόλλ’
1411 2297 1568 2345 ἔπαθον,
1591 2299 1653 2339 καὶ
1676 2298 1793 2340 πόλλ’

363 2365 552 2419 ἐμόγησα.
590 2363 903 2420 Comparandus
922 2364 1042 2404 etiam
1061 2364 1291 2420 Sophocles,
1314 2379 1383 2404 seu
1404 2363 1553 2419 potius,
1572 2374 1617 2405 ut
1636 2365 1795 2420 opinor,

364 2433 601 2489 AEschylus‚
622 2431 662 2472 in
694 2431 842 2480 Nioba,
873 2430 1214 2481 Λεπτοσπαθήτων
1242 2432 1453 2484 χλανιδίων
1480 2432 1658 2483 ἐρειπίοις
1682 2431 1795 2473 Θάλ-

361 2517 492 2541 πουσα
512 2500 574 2540 καὶ
592 2500 792 2552 ψύχουσα,
816 2498 879 2538 καὶ
906 2499 1012 2552 πόνῳ
1042 2498 1165 2538 πόνον
1183 2496 1254 2538 Ἐκ
1284 2497 1417 2540 νυκτὸς
1437 2497 1699 2538 ἀλλάσσουσα
1728 2497 1797 2538 τὸν

363 2566 445 2608 καθ’
466 2566 625 2619 ἡμέραν.
675 2564 810 2605 Verba
829 2573 924 2604 sunt
945 2563 1124 2605 nutricis.
1157 2564 1382 2604 BLOMF.

420 2645 515 2688 754.
565 2633 692 2687 τρόπῳ
741 2630 902 2685 φρενός]
944 2631 1045 2672 Non
1088 2631 1171 2671 alio
1217 2631 1347 2681 modo,
1386 2644 1509 2686 quam
1548 2631 1793 2685 corgjectura.

362 2700 589 2742 BLOMF.
656 2689 664 2697 ”

419 2768 515 2822 756.
535 2764 559 2817 ἢ
578 2765 709 2821 λιμὸς]
734 2763 1003 2806 Scribendum
1026 2765 1060 2805 εἶ
1078 2763 1190 2815 λιμὸς
1209 2777 1302 2805 cum
1326 2763 1518 2804 Stanleio.

417 2832 530 2887 δίψη]
561 2833 657 2885 δίψη
685 2846 761 2887 pro
781 2832 878 2885 δίψα
898 2831 1053 2872 dietum
1072 2829 1224 2885 quibus
1243 2829 1306 2871 vel
1334 2829 1558 2871 rationibus
1578 2828 1639 2869 vel
1659 2844 1794 2870 exem-

358 2901 436 2957 plis
465 2898 630 2941 defendi
660 2898 785 2955 possit
805 2897 975 2954 gostendi
1003 2896 1047 2938 in
1077 2896 1292 2938 Thesauro
1322 2895 1402 2939 vol.
1429 2908 1469 2939 2.
1496 2910 1537 2951 p.
1563 2896 1683 2950 1586.
1717 2895 1789 2937 sed
