1962 3224
375 201 460 242 588
846 203 934 244 AN
938 203 977 244 N
981 204 1338 246 OTATIONES

431 323 527 365 209.
549 310 578 351 ὦ
599 311 692 366 Ζεῦ]
713 311 951 353 Notandum
972 324 1047 361 est,
1066 322 1286 369 antequam
1312 314 1402 355 haec
1421 322 1462 355 et
1481 314 1691 369 sequentia
1710 329 1805 370 pro-

374 378 676 428 nuntiarentur,
707 378 863 433 puellas
889 394 982 420 cum
1013 390 1128 435 patre
1153 380 1207 421 ad
1230 395 1340 421 aram
1367 380 1476 421 illam
1507 381 1684 434 ἀγωνίων
1708 384 1808 422 θεῶν

373 444 625 493 concessisse,
643 444 783 500 ibique
803 444 938 486 sedem
958 445 1122 501 cepisse.
1156 447 1286 488 SCH.

430 509 479 565 ὦ]
505 512 548 552 ἰὼ
569 512 635 552 Μ.
657 512 751 551 Par.
775 510 873 551 Ald.
898 511 1009 551 Rob.

429 577 481 628 μὴ
508 577 767 630 ’πολωλότας]
801 577 854 628 μὴ
883 577 1137 620 ἀπολωλότας
1170 576 1277 618 libri.
1327 578 1594 620 Scribendum
1623 580 1807 631 μᾶπολω-

371 643 504 685 λότας.

429 721 525 750 212.
559 708 685 759 Ζηνὸς
713 710 837 763 ὅρνιν]
874 710 1068 765 Sequenti
1099 710 1296 751 versiculo
1323 711 1572 767 significatur
1598 712 1673 753 hac
1701 712 1806 767 peri-

371 775 510 830 phrasi
530 775 668 816 Solem
687 774 870 831 intelligi,
891 790 984 816 cum
1004 775 1113 831 gallo
1131 776 1353 831 gallinaceo
1373 787 1665 832 comparatum.
1701 778 1806 819 Ideo

371 850 508 882 autem
532 842 667 882 Solem
687 841 880 893 ἀλέκτορα
899 841 1092 897 appellat,
1113 842 1226 897 quod
1247 850 1422 898 uterque
1435 843 1681 885 dormientes
1698 844 1805 886 exci-

371 916 443 957 tet,
466 917 511 947 ut
532 908 721 948 observat
740 907 984 950 scholiastes,
1016 909 1145 950 SCH.

430 974 671 1029 κικλήσκετε]
694 974 939 1026 κικλήσκεται
957 976 1022 1017 Μ.
1040 976 1181 1017 Guelf.
1201 976 1301 1017 Ald.
1323 984 1362 1017 et
1382 976 1510 1018 codex
1530 977 1774 1018 Robortelli.

429 1054 524 1092 214.
556 1042 685 1082 Hunc
713 1056 875 1082 versum
905 1042 1002 1083 citat
1033 1042 1244 1084 Plutarch.
1266 1044 1379 1083 Mor.
1408 1058 1448 1099 p.
1469 1054 1549 1096 417
1573 1044 1625 1085 F.
1649 1045 1730 1098 607
1754 1046 1803 1085 C.

371 1108 520 1148 “Ideo
552 1107 789 1163 Apollinem
823 1108 1014 1149 invocant
1045 1108 1099 1149 ad
1136 1109 1416 1164 praestandum
1453 1110 1551 1166 ipsis
1588 1110 1802 1162 auxilium,

369 1173 482 1229 quod
512 1183 553 1214 et
580 1174 667 1230 ipse
699 1173 920 1229 aliquando
953 1190 975 1215 e
1005 1174 1116 1216 coelis
1146 1175 1348 1231 relegatus
1381 1191 1406 1216 a
1434 1177 1543 1217 Jove
1575 1177 1718 1218 fuisset
1748 1177 1802 1218 ad

368 1241 539 1281 Admeti
558 1242 781 1282 armenta.”
813 1241 1030 1283 STANL.

428 1321 523 1363 215.
545 1308 666 1362 εἰδὼς]
688 1309 801 1351 αἰδὼς
820 1309 915 1349 Par.
937 1308 1077 1349 Guelf.
1110 1309 1221 1349 εἰδῶν
1240 1309 1341 1350 Ald.
1373 1310 1463 1350 ἰδὼν
1484 1311 1619 1352 Turn.
1642 1311 1786 1367 Steph.

423 1375 612 1427 συγγνοίη
628 1374 812 1416 Lobeck.
825 1374 879 1415 ad
894 1374 1119 1430 Phrynich.
1139 1389 1180 1430 p.
1195 1384 1293 1428 347.
1324 1375 1585 1417 Scribebatur
1604 1376 1801 1434 συγγνῷη.

425 1443 518 1482 216.
541 1442 767 1496 συγγνοῖτο]
789 1443 919 1482 Recte
938 1445 1142 1493 ξυγγνοῖτο
1163 1442 1385 1481 Porsonus.

425 1519 519 1556 221.
571 1507 806 1562 ἐλευθέροις]
849 1507 902 1548 Id
939 1516 1000 1548 est
1039 1508 1140 1548 ὥστε
1179 1506 1406 1559 ἐλευθέρους
1452 1508 1549 1559 ἡμᾶς
1581 1509 1800 1562 γίγνεσθαι.

368 1574 750 1615 WELLAUER.

425 1652 519 1694 223.
552 1640 585 1681 δ’
607 1640 746 1692 ἑσμὸς]
773 1640 913 1692 δεσμὸς
932 1639 1035 1681 libri.
1085 1639 1274 1681 Correxit
1295 1639 1511 1690 Stanleius‚
1532 1640 1605 1695 qui
1624 1642 1659 1682 δ’
1681 1642 1798 1693 ἐσμὸς

365 1705 536 1762 scripsit.

423 1785 518 1824 224.
537 1773 678 1823 ἵζεσθε,
701 1773 857 1828 κίρκων]
880 1774 1028 1822 ἵζεσθαι
1047 1773 1166 1825 κρέκω
1188 1774 1253 1812 Μ.
1275 1774 1370 1814 Par.
1393 1773 1532 1814 Guelf.
1554 1773 1657 1814 Ald.

422 1840 516 1881 226.
547 1840 897 1891 ὄρνιθος--φαγών
912 1840 941 1893 ;]
966 1845 994 1863 “
1011 1839 1283 1880 Proverbialis
1303 1840 1466 1890 locutio,
1488 1840 1554 1881 cui
1580 1841 1798 1896 respondet

363 1905 573 1960 adagium,
594 1906 710 1946 canis
728 1906 923 1945 caninam
952 1920 1034 1946 non
1063 1912 1124 1946 est
1139 1922 1154 1952 ;
1184 1921 1250 1961 ap.
1275 1907 1494 1947 Varronem
1523 1906 1576 1947 de
1605 1907 1659 1947 L.
1683 1907 1735 1947 L.
1757 1909 1798 1948 6.

364 1973 424 2026 (p.
445 1983 542 2026 320.
566 1972 753 2026 Speng.).
803 1972 831 2011 J
837 1971 1017 2012 uvenalis
1039 1973 1124 2012 Sat.
1144 1981 1208 2026 15,
1229 1974 1319 2014 160.

531 2126 736 2181 Cognatis
755 2127 927 2168 maculis
945 2067 1246 2181 saltz-{ggybmp
1295 2128 1514 2169 STANL.

361 2224 676 2267 Observandum
698 2232 850 2275 tamen,
870 2225 976 2266 hanc
1003 2224 1169 2280 phrasin
1199 2225 1238 2266 h.
1259 2225 1287 2266 l.
1307 2225 1360 2266 ad
1388 2225 1545 2268 illicitas
1573 2227 1679 2269 inter
1697 2243 1794 2269 con-

361 2291 603 2346 sanguineos
624 2290 788 2346 nuptias
807 2290 1021 2346 pertinere.
1055 2292 1186 2331 SCH.

418 2358 468 2398 ἂν
488 2356 665 2412 ἁγνεύοι]
686 2357 882 2398 ἇναινεύοι
901 2358 966 2396 Μ.
988 2357 1130 2398 Guelf.
1151 2357 1252 2398 Ald.
1283 2358 1464 2399 ἆνανεύοι
1484 2358 1593 2400 Rob.

419 2434 516 2477 227.
536 2424 690 2480 γαμῶν]
712 2423 847 2476 γάμων
868 2422 970 2464 Ald.

418 2491 578 2533 ἄκοντος
605 2490 728 2544 πάρα]
762 2489 955 2530 Alterum
985 2498 1270 2545 argumentum
1306 2505 1391 2545 quo
1419 2490 1576 2533 illicitas
1605 2507 1690 2532 esse
1721 2492 1796 2533 has

359 2557 525 2613 nuptias
551 2555 773 2605 contendit,
803 2571 828 2596 a
856 2555 1039 2596 dissensu
1068 2556 1195 2611 patris
1224 2557 1409 2608 sumitur,
1432 2559 1550 2613 cujus
1580 2558 1655 2599 hac
1681 2558 1722 2598 in
1751 2573 1795 2599 re

360 2622 528 2664 arbitrio
558 2631 662 2663 stare
692 2621 937 2662 tenebantur
961 2620 1148 2677 virgines.
1197 2623 1387 2664 Donatus
1415 2623 1457 2663 in
1482 2623 1685 2664 Andriam
1708 2625 1791 2664 Te-

358 2689 478 2731 rentii
506 2702 549 2739 4,
577 2702 619 2741 4,
647 2701 695 2731 2:
729 2690 905 2730 Summa
938 2694 1120 2743 potestas
1148 2690 1392 2744 nuptiarum
1421 2691 1468 2729 in
1498 2696 1622 2744 patre
1643 2690 1795 2746 puellae

360 2762 429 2797 est.
494 2755 719 2796 Hermione
738 2754 850 2809 apud
871 2754 1115 2809 Euripidem
1136 2755 1177 2794 in
1198 2754 1400 2796 Androm.
1423 2770 1462 2797 v,
1486 2756 1581 2810 988.

530 2831 826 2883 Νυμφευμάτων
845 2833 918 2883 μὲν
936 2835 1014 2872 τῶν
1034 2833 1136 2883 ἐμῶν
1154 2832 1279 2884 πατὴρ
1300 2832 1390 2883 ἐμὸς

525 2898 731 2950 Μέριμναν
751 2896 830 2948 ἕξει
851 2898 942 2939 κούκ
961 2897 1055 2949 ἐμὸν
1076 2898 1219 2950 κρίνειν
1236 2897 1340 2939 τάδε.
