1962 3224
662 148 753 190 AD
784 145 1141 189 SUPPLICES.
1549 146 1635 191 609

222 275 321 315 444.
343 263 436 315 ἄτης
453 279 503 317 γε
519 263 635 315 μείζω
657 261 721 303 καὶ
739 259 828 314 μέγ’
845 259 1054 312 ἐμπλήσας
1074 258 1221 315 γόμον]
1241 258 1395 300 Versus
1409 269 1633 315 corruptus

163 340 207 373 et
225 331 279 373 ab
298 331 376 373 hoc
394 331 484 372 loco
502 329 676 372 alienus.

221 400 315 451 ἄτης
344 399 481 440 Turn.
515 397 658 454 Steph.
721 396 996 438 Scribendum
1028 397 1127 447 ἄτην
1150 410 1246 437 cum
1270 396 1336 436 M.
1360 396 1456 437 Par.
1481 395 1627 438 Guelf.

165 466 267 508 Ald.
291 466 401 508 Rob.

219 552 267 589 γε
294 533 430 590 μείζω]
464 532 739 576 scribendum
769 534 927 587 γεμίζω,
948 547 1074 589 quam
1107 531 1356 588 scripturam
1387 541 1632 574 memorav1t

164 603 414 659 Stephanus.
443 603 535 654 ἄτης
554 603 721 655 γεμίζων
740 601 782 642 in
804 601 911 643 libro
936 616 1014 643 suo
1039 600 1184 657 legisse
1204 599 1371 642 videtur
1398 599 1629 652 scholiasta,

160 671 236 727 qui
266 671 354 713 haec
385 670 441 712 sic
469 670 660 726 explicat,
686 672 756 711 τοῦ
776 670 874 713 Διὸς
904 671 1176 722 ἔμπιπλῶντος
1201 670 1265 711 καὶ
1291 670 1516 723 γεμίζόντος
1537 670 1632 722 ἄτης

160 739 232 781 τὸν
251 739 380 793 γάμον
402 741 499 793 (scr.
520 739 647 792 γόμον
665 753 760 779 cum
784 737 1002 787 Stanleio).

221 809 346 861 γόμον
386 809 523 850 Turn.
564 805 710 863 Steph.
771 805 1044 848 Scribendum
1085 806 1211 859 γόμου
1249 820 1344 847 cum
1382 806 1449 847 M.
1484 805 1630 848 Guelf.

163 875 266 916 Ald.
290 875 402 917 Rob.

218 946 316 997 446.
346 949 517 998 γλῶσσα
546 944 790 1000 τοξεύσασα]
814 942 1058 992 Scholiasta,
1079 942 1168 983 ἀντὶ
1188 945 1256 983 τοῦ
1287 942 1478 996 γλώσσης
1497 941 1629 995 τοξευ-

161 1011 303 1064 σάσης,
326 1013 349 1053 ὅ
369 1014 480 1054 ἐστιν
501 1013 698 1063 εἰπούσης.

218 1092 318 1135 447.
342 1080 586 1136 θελκτήριος]
611 1081 854 1133 θελκτηρίοις
876 1079 943 1120 M.

218 1150 316 1202 448.
352 1151 520 1203 ἀλγεινὰ
549 1152 671 1201 θυμοῦ
707 1147 830 1201 κάρτα
859 1146 1058 1200 κινητήρια
1095 1147 1316 1200 (νικητήρια
1349 1147 1503 1202 Rob.)]
1542 1148 1629 1190 Hic

156 1232 328 1273 quoque
358 1216 479 1274 plane
507 1216 664 1258 inutilis
685 1231 826 1257 versus
855 1226 929 1266 est,
951 1230 1076 1271 quem
1110 1225 1156 1255 ut
1187 1214 1505 1257 tolerabiliorem
1535 1216 1630 1258 red-

156 1284 275 1326 deret
298 1284 504 1326 Stanleius
522 1294 618 1326 ante
637 1299 798 1326 versum
821 1283 1122 1340 praecedentem
1144 1282 1334 1325 collocari
1354 1283 1499 1326 voluit.

214 1366 313 1406 449.
347 1352 600 1408 ὅπως-ἄκη]
638 1352 707 1393 Ne
742 1357 878 1393 autem
913 1352 1324 1408 consanguineorum
1357 1358 1434 1393 aut
1466 1353 1624 1394 civium

152 1421 338 1475 sangnis
381 1422 637 1477 effundatur,
677 1420 852 1461 multum
897 1420 1135 1475 Sactffica2·e
1177 1426 1350 1476 oportet,
1392 1421 1624 1478 multasque

156 1490 298 1529 multis
317 1489 402 1530 diis
420 1490 577 1530 hostias
605 1489 757 1530 credere
786 1489 843 1529 ad
870 1488 1139 1529 avertendam
1168 1489 1295 1529 istam
1325 1489 1618 1532 calamitatem.

148 1556 377 1612 Sanguinis
406 1557 513 1598 enim
545 1556 664 1598 effusi
690 1556 805 1598 nulla
829 1567 890 1598 est
910 1555 1123 1597 redemtio.
1155 1557 1324 1609 ὅμαιμον
1345 1558 1441 1609 αἷμα
1467 1559 1618 1614 partim

151 1623 206 1664 ad
237 1625 390 1666 caedem
414 1625 593 1682 AEgypti
626 1625 803 1666 filiorum
835 1623 1046 1680 sanguinis
1076 1624 1376 1666 necessitudine
1406 1641 1502 1667 cum
1532 1627 1618 1668 Da-

147 1691 344 1734 naidibus
363 1694 690 1749 conjunctorum,
712 1694 861 1750 partim
893 1693 945 1734 ad
979 1691 1132 1734 civium
1154 1693 1413 1749 Argivorum
1444 1694 1617 1747 caedem,

152 1760 186 1801 si
207 1770 332 1802 totam
356 1761 460 1803 hanc
475 1777 636 1803 causam
654 1762 764 1803 ferro
784 1761 1056 1802 dirimendam
1078 1761 1326 1812 censuerint,
1349 1762 1616 1805 metuendam

153 1827 371 1883 pertinere,
407 1838 522 1884 patet
557 1844 595 1868 v.
626 1840 713 1883 474
743 1844 832 1884 sqq.
899 1830 1095 1870 Ceterum
1138 1828 1307 1884 propria
1344 1829 1616 1886 oppositionis

153 1895 258 1936 ratio
277 1895 366 1938 haec
385 1906 498 1938 erat:
545 1898 653 1953 Opes
678 1899 844 1938 amissae
872 1897 971 1938 aliis
999 1897 1146 1952 opibus
1173 1897 1374 1937 resarciri
1400 1905 1611 1953 passuum

153 1964 322 2005 verbum
361 1970 521 2016 temere,
560 1966 670 2021 quod
711 1965 890 2005 alterum
924 1964 1156 2021 offenderit,
1194 1964 1406 2015 emissum,
1446 1966 1614 2009 blandis

153 2032 287 2073 verbis
316 2032 470 2074 molliri
497 2038 537 2074 et
566 2033 735 2089 expiari
757 2038 924 2089 potest;
957 2039 1003 2074 at
1030 2033 1260 2089 sanguinis
1280 2039 1553 2090 cognatorum
1573 2043 1614 2079 et

148 2100 306 2141 civium
329 2102 453 2157 ffwi
479 2101 599 2142 nulla
622 2106 683 2142 est
706 2102 935 2157 reparatio.
996 2100 1199 2142 Ultimam
1231 2100 1338 2142 hanc
1367 2102 1611 2145 sententiam

148 2181 221 2208 rex
262 2167 470 2225 eleganter
503 2168 738 2225 supprimit,
772 2168 946 2226 ejusque
985 2169 1074 2211 loco
1109 2169 1244 2210 statim
1287 2169 1329 2210 id
1365 2169 1481 2226 quod
1511 2170 1611 2213 inde

148 2235 323 2278 efficitur
348 2236 548 2288 enuntiat,
570 2252 716 2293 nempe
743 2236 853 2278 omni
883 2237 1009 2279 modo
1036 2237 1267 2279 curandum
1290 2253 1390 2287 esse,
1414 2248 1461 2279 ut
1482 2237 1610 2295 hujus

147 2302 359 2360 sanguinis
391 2305 634 2346 effundendi
670 2304 886 2346 necessitas
913 2315 1137 2348 avertatur.
1200 2307 1397 2348 Ceterum
1429 2306 1482 2348 ad
1514 2322 1607 2349 sen-

147 2373 314 2413 tentiam
336 2373 564 2414 simillimus
583 2383 643 2414 est
664 2373 778 2414 locus
798 2374 1022 2416 Eumenid.
1045 2389 1082 2416 v,
1105 2376 1202 2430 645.
1224 2390 1328 2431 sqq.‚
1350 2390 1475 2432 quem
1496 2390 1607 2418 com-

146 2454 308 2495 parasse
326 2440 439 2482 haud
461 2441 690 2497 poenitebit.
723 2442 855 2482 SCH.

203 2507 384 2563 ὅμαιμον]
406 2510 627 2560 ὁμαιμόνων
647 2508 751 2550 Ald.
782 2511 958 2562 ὁμαίμων
980 2512 1115 2552 Turn.

200 2588 298 2630 452.
330 2576 354 2627 ἦ
386 2575 429 2631 (ἢ
458 2576 560 2618 Ald.
591 2577 721 2630 Rob.)
755 2577 876 2628 κάρτα
910 2580 1060 2622 νείκους
1089 2579 1191 2620 τοῦδ’
1228 2581 1306 2633 ἐγὼ
1339 2582 1599 2637 παροίχομαι]

145 2642 374 2684 Scholiasta
400 2644 462 2685 καὶ
490 2647 604 2685 τοῦτο
633 2649 756 2685 ποιῶν
777 2645 886 2688 ἐκτὸς
915 2645 1055 2697 ἔσομαι
1074 2650 1142 2687 τοῦ
1165 2648 1315 2692 νείκους
1334 2651 1438 2692 θεοῖς
1455 2650 1603 2702 ὑπηρε-

143 2714 233 2751 τῶν.
286 2712 438 2752 Sensus
457 2721 539 2752 est:
573 2713 628 2752 In
651 2712 777 2767 bajus
795 2714 1067 2755 contentionis
1087 2714 1311 2755 discrimen
1331 2716 1516 2772 equidem
1536 2731 1601 2758 me

138 2792 313 2833 prorsus
333 2779 424 2820 nolo
442 2780 702 2820 committere.
742 2780 906 2835 Nempe
927 2784 1054 2824 νεῖκος
1073 2780 1238 2838 respicit
1259 2797 1300 2823 v.
1320 2795 1419 2838 439.
1440 2783 1598 2826 bellum

141 2855 214 2886 aut
234 2860 327 2886 cum
352 2846 440 2896 diis,
463 2846 495 2887 si
517 2846 728 2888 Danaides
754 2846 994 2903 neglexerit,
1015 2859 1088 2890 aut
1114 2864 1207 2890 cum
1232 2850 1412 2907 AEgypti
1432 2851 1541 2903 filiis,
1564 2853 1598 2895 si

141 2912 229 2954 illas
259 2914 468 2971 receperit,
492 2915 797 2972 suscipiendum
826 2931 924 2958 esse.
959 2918 1092 2960 SCH.
1153 2918 1261 2959 Cum
1291 2920 1596 2964 constructione

827 2998 906 3037 4¹¹
