1962 3224
615 179 706 221 AD
735 178 1132 221 EUMENIDES.
1529 173 1617 219 567

205 296 301 338 800.
333 295 377 337 δὲ
398 297 445 352 τῇ
475 296 525 348 γῇ
554 295 646 351 τῇδε
674 293 730 346 μὴ
757 293 818 348 β.]
849 292 894 335 δέ
920 309 964 334 τε
993 294 1082 348 τῇδε
1110 293 1162 348 γῇ
1188 294 1233 342 β.
1256 290 1323 331 Μ.
1347 290 1442 330 Par.
1466 288 1609 330 Guelf.

149 362 251 405 Ald.
272 362 381 405 Rob.

206 432 302 473 802.
323 429 532 486 δαιμόνων]
555 429 701 471 Lectio
720 428 880 471 vitiosa.
914 427 1150 480 πλευμόνων
1171 425 1477 468 Wakefieldus.

205 497 484 554 σταλάγματα]
509 515 571 552 γρ.
591 497 845 551 στενάγματα
866 497 932 538 Μ.
955 497 1053 538 Par.

207 566 303 621 803.
325 565 488 621 αἰχμᾶς]
512 565 660 607 Lectio
680 565 839 607 vitiosa.
871 565 1044 619 αὐχμοὺς
1066 563 1262 621 Scaliger.

207 634 303 689 805.
328 634 495 690 ἐνδίκου]
517 635 691 678 ἐνδίκους
713 633 938 675 Heathius.

207 703 302 758 809.
324 706 454 757 χερῶν
475 702 650 758 εἵλεσθε]
671 706 816 756 χειρῶν
838 702 966 743 εἵλετε
986 700 1088 742 Ald.

208 770 304 811 812.
327 770 386 811 ἰοὺ
407 770 500 824 ἶοὺ,]
528 769 802 811 Scribendum
826 771 888 811 ἰὸν
910 769 970 810 ἰὸν
990 783 1042 809 ex
1064 768 1132 809 M.
1157 768 1253 808 Par.

207 839 399 890 ἀντιπαθῆ
420 838 486 879 Μ.
509 839 604 879 Par.
627 837 728 879 Ald.
752 837 862 879 Rob.
909 838 1041 878 Recte
1069 835 1282 887 ἀντιπενθῆ
1305 836 1444 876 Turn.
1470 835 1613 892 Steph.

210 907 306 963 813.
329 906 500 961 καρδίας]
523 906 683 957 καρδίαν
705 907 842 948 Tum.

210 974 452 1030 814—823.
484 973 646 1015 Eadem
676 973 718 1015 in
748 972 864 1015 libris
891 973 1107 1030 scripturae
1140 972 1416 1030 discrepantia
1447 988 1544 1030 quae
1574 988 1616 1015 V.

152 1042 395 1099 784—793·
1313 1094 1318 1098 .

211 1110 308 1164 827.
332 1110 577 1167 καὶ-θεῶν]
610 1111 708 1152 Hoc
737 1109 860 1151 etiam
885 1109 1082 1166 Virgilius
1102 1117 1277 1151 testatus
1296 1118 1374 1161 est,
1394 1109 1511 1166 quod
1541 1124 1616 1151 nec

154 1177 383 1220 Stanleium
403 1178 527 1235 fugit.
559 1178 662 1220 AEn.
687 1192 722 1229 1,
743 1179 815 1231 46.
836 1177 890 1219 de
911 1176 1130 1219 Minerva:

267 1258 374 1315 Ipsa
391 1258 515 1299 Jovis
534 1258 733 1314 rapidum
737 1257 939 1313 jaculata
958 1270 980 1298 e
999 1257 1179 1298 nubibus
1198 1257 1342 1314 ignem

267 1326 524 1382 Disjecitque
541 1332 668 1376 rates,
689 1327 915 1382 evertitque
936 1339 1102 1382 aequora
1122 1327 1284 1372 ventis,-

155 1410 226 1452 ubi
250 1410 417 1452 Servius
436 1409 713 1452 consulendus
733 1420 808 1452 est.
870 1412 960 1452 Nec
979 1409 1195 1467 appositus
1226 1425 1308 1451 non
1332 1410 1497 1452 videtur
1518 1411 1614 1452 Cal-

155 1478 355 1520 limachus
374 1479 469 1519 Jac.
491 1478 598 1519 Pall.
619 1491 714 1534 131.

267 1562 343 1607 ‘ns
362 1563 522 1616 φαμένα
543 1563 766 1606 κατένευσε·
798 1564 842 1605 τὸ
862 1563 893 1605 δ’
917 1565 1087 1614 ἐντελὲς,
1110 1562 1140 1620 ᾧ
1162 1562 1191 1605 κ’
1216 1564 1404 1620 ἐπινεύσῃ

329 1633 512 1681 Παλλὰς,
534 1632 620 1673 ἐπεὶ
638 1633 763 1688 μούνᾳ
784 1632 883 1675 Ζεὺς
902 1633 948 1673 τό
967 1649 1015 1686 γε
1037 1631 1262 1686 θυγατέρων

271 1701 409 1740 Δῶκεν
427 1698 622 1755 Ἀθαναίᾳ
641 1701 818 1753 πατρώϊα
837 1699 966 1741 πάντα
986 1699 1195 1754 φέρεσθαι.
1237 1700 1490 1741 WAKEF.

214 1795 310 1836 828.
333 1793 379 1850 ᾦ]
400 1795 458 1838 οἷς
480 1793 735 1836 Schuetzius.

216 1863 310 1917 830.
350 1863 538 1916 γλώσσης
569 1864 736 1915 ματαίας
770 1862 914 1916 καρπὸς
952 1872 1049 1904 sunt
1082 1863 1247 1919 linguae
1285 1862 1348 1903 ira
1384 1861 1616 1913 concitatae,

157 1929 345 1986 adeoque
384 1930 441 1971 ad
478 1932 746 1972 temeritatem
777 1939 816 1972 et
849 1930 1072 1971 audaciam
1102 1945 1256 1987 pronoe
1289 1931 1617 1986 imprecatione&

157 1998 306 2054 quibus
325 1998 501 2054 efficitur
519 2004 567 2040 ut
586 1999 728 2039 omnia
747 1998 853 2039 male
867 1999 1107 2055 procedant.
1141 1999 1274 2040 SCH.

219 2065 316 2120 832.
350 2065 657 2123 κοίμα-μένος]
683 2066 915 2123 Consopias
934 2081 1078 2123 quaeso
1103 2072 1211 2108 atrae
1235 2067 1331 2108 bilis
1356 2068 1404 2107 in
1435 2073 1473 2109 te
1501 2069 1620 2124 effer-

159 2133 358 2174 vescentis
375 2134 564 2175 acerbam
586 2135 682 2176 vim.
716 2135 846 2176 SCH.

220 2201 317 2256 834.
337 2203 457 2252 τῆσδε
476 2202 701 2255 τᾶκροθίνια
722 2202 859 2243 Turn.
897 2204 963 2253 τῆς
983 2201 1057 2243 δετ’
1081 2203 1283 2254 ἀκροθίνια
1302 2202 1405 2244 Ald.
1438 2205 1505 2255 τῆς
1524 2203 1568 2245 δέ
1587 2203 1619 2245 τ’

163 2268 227 2321 (δὲ
255 2267 287 2309 τ’
320 2268 452 2323 Rob.)
485 2270 687 2322 ἀκροθίνια
716 2270 783 2311 Μ.
834 2271 932 2311 Hoc
958 2281 1020 2312 est
1046 2271 1157 2322 τῆσδ’
1178 2269 1230 2311 ἔτ’
1257 2271 1472 2325 ἀκροθίνια,
1504 2271 1622 2327 quod

160 2344 270 2377 recte
298 2336 437 2392 posuit
465 2338 748 2379 Hermannus.
808 2339 908 2379 Post
931 2339 1134 2392 ἀκροθίνια
1154 2347 1195 2380 et
1225 2348 1319 2395 post
1347 2339 1487 2383 τέλους
1507 2355 1618 2381 com-

162 2411 273 2445 mata
291 2414 514 2460 ponantur.

222 2471 316 2526 835.
338 2471 494 2525 τέλους]
519 2472 634 2517 τέλος
655 2472 799 2515 Guelf.
819 2472 924 2514 Ald.
947 2473 1083 2515 Turn.

222 2537 318 2594 838.
341 2539 436 2591 871.
468 2541 582 2595 κατὰ]
621 2539 894 2581 Scribendum
917 2539 1015 2581 κατά
1034 2557 1092 2591 τε,
1113 2541 1228 2598 quod
1255 2541 1385 2585 altero
1405 2542 1495 2585 loco
1516 2558 1623 2600 prae-

165 2605 263 2646 bent
285 2606 349 2647 M.
373 2606 483 2647 Rob.

222 2672 319 2728 γᾶν]
343 2673 614 2715 Scribendum
636 2678 710 2727 γᾶς
729 2689 825 2715 cum
849 2676 1105 2716 Hermanno.

225 2741 320 2796 839.
343 2741 437 2793 872.
458 2742 583 2793 μύσος
603 2742 668 2782 Μ.
693 2741 837 2798 Steph.
866 2745 988 2794 μῦσος
1009 2743 1118 2784 Rob.
1149 2748 1267 2795 μῖσος
1287 2743 1391 2786 Ald.
1414 2746 1552 2788 Turn.

226 2807 323 2860 841.
345 2809 439 2861 874.
462 2809 503 2850 οἶ
519 2808 559 2849 οἳ
579 2809 636 2862 (οἷ
652 2810 692 2849 οἳ
710 2809 847 2863 Ald.)‚
871 2812 919 2850 δᾶ
939 2810 1030 2865 φεῦ]
1054 2811 1327 2852 Scribendum
1350 2814 1430 2854 οἷοῖ
1447 2817 1507 2864 δᾶ,
1531 2819 1623 2868 φεῦ.

225 2875 320 2931 843.
355 2877 452 2929 876.
487 2878 660 2929 πλευρὰς
697 2877 833 2932 ὀδύνα]
874 2877 1126 2919 Dochmium
1162 2878 1342 2921 restituit
1373 2881 1628 2924 Wieselerus

167 2956 208 2998 p.
228 2944 319 2984 161.
341 2945 527 2996 πλευρὰς,
553 2943 595 2991 ὢ,
620 2945 704 2985 δύα.
