1962 3224
366 199 450 239 444·
840 202 1332 243 ANNOTATIONES

365 307 606 363 scripturam
629 310 813 365 proxime
832 311 986 352 accedit
1016 311 1208 367 Scaligeri
1236 312 1468 367 conjectura
1498 313 1801 353 ἀντικακτανεῖν.

367 374 558 430 Euripid.
589 376 707 418 Med.
732 379 826 419 261.
856 379 974 419 πόσιν
1003 379 1086 428 δίκῃ
1115 378 1223 419 τῶνδ’
1255 379 1525 419 ἀντιτίσασθαι
1553 377 1803 434 comparavit

368 441 646 493 Hermannus‚
669 443 739 484 ubi
756 459 865 485 nunc
886 445 994 495 δίκην
1012 460 1061 485 ex
1082 444 1246 486 duobus
1265 445 1472 486 codicibus
1489 454 1738 486 restltutum.

428 518 518 560 145.
556 511 623 558 τῆς
652 512 766 560 κακῆς
795 510 905 564 ἆρᾶς]
937 510 1080 551 Lectio
1112 521 1278 567 propter
1310 511 1541 567 proximum
1577 510 1647 560 τὴν
1682 511 1803 551 κακὰν

366 572 466 624 ἀράν
486 583 683 629 suspecta.
745 576 892 616 Paullo
913 576 1160 618 tolerabilius
1179 577 1285 618 foret
1304 580 1369 628 τῆς
1390 578 1479 628 ἐμῆς
1498 578 1605 629 ἆρᾶς.

426 640 518 690 146.
541 641 696 695 κείνοις]
718 643 865 685 κείνους
885 642 997 683 Rob.

427 718 516 757 147.
539 708 633 763 τῶν]
653 707 760 749 τῶνδ’
783 709 926 750 Guelf.
948 709 1049 751 Ald.
1079 710 1110 751 δ’
1133 725 1329 766 superscr.
1350 710 1390 749 in
1414 711 1479 750 M.

429 775 518 825 148.
540 774 629 829 σὺν]
652 775 782 816 Scrib.
804 774 876 825 ξὺν
895 790 987 816 cum
1012 775 1204 816 Porsono.

427 853 518 893 150.
542 842 775 891 ἐπανθίζειν]
804 840 940 882 Schol.
964 841 1127 893 στέφειν
1147 843 1198 884 ὣς
1218 843 1365 883 ἄνθεσι.

425 919 518 960 151.
542 909 687 947 παιᾶνα
716 910 783 947 τοῦ
813 909 1015 957 θανόντος]
1046 908 1205 948 Paeana
1234 908 1446 963 conjungit
1474 922 1568 948 cum
1598 906 1801 956 lamentis,

367 977 559 1022 κωκυτοῖς,
582 982 628 1013 ut
650 972 871 1028 Sophocles
890 988 984 1013 cum
1004 974 1238 1029 gemitibus,
1258 974 1369 1030 apud
1397 988 1516 1030 quem
1537 974 1577 1014 in
1603 973 1803 1029 principio

368 1039 514 1094 OEdip.
530 1039 732 1095 Tyranni,
751 1055 843 1080 cum
867 1040 1106 1081 Thebarum
1131 1041 1271 1082 urbem
1293 1041 1416 1097 pestis
1436 1040 1653 1082 saevissima
1673 1049 1802 1081 vasta-

366 1116 443 1155 ret,
464 1116 504 1146 et
534 1105 714 1162 populus
743 1121 882 1161 preces
905 1106 991 1162 jam
1014 1107 1200 1163 Apollini
1229 1107 1280 1148 ad
1310 1107 1580 1163 mitigandum
1613 1107 1801 1147 morbum

366 1173 607 1223 effunderet,
639 1173 823 1229 OEdipus
852 1173 904 1214 ad
935 1173 1134 1229 populum
1165 1189 1364 1230 egressus,
1394 1173 1554 1230 quaerit,
1585 1172 1686 1228 quid
1726 1171 1802 1213 sibi

366 1240 490 1281 velint
510 1240 579 1280 illa
599 1239 829 1291 θυμιάματα,
851 1243 1010 1283 παιᾶνες
1030 1250 1071 1281 et
1091 1241 1352 1293 στενάγματα.

593 1307 718 1349 Πόλις
737 1306 766 1347 δ’
789 1308 884 1358 ὁμοῦ
903 1308 976 1358 μὲν
996 1307 1241 1358 θυμιαμάτων
1260 1307 1383 1359 γέμει,

593 1375 688 1424 ὁμοῦ
709 1375 751 1414 δὲ
770 1373 945 1414 παιάνων
964 1391 1006 1415 τε
1028 1374 1089 1414 καὶ
1107 1373 1396 1426 στεναγμάτων.

367 1441 499 1480 Porro
530 1449 785 1481 mortuorum
824 1440 1000 1495 hymnos
1030 1442 1200 1481 Paeanas
1239 1441 1360 1481 etiam
1391 1440 1486 1490 dici,
1517 1455 1566 1480 ex
1599 1440 1806 1480 Athenaeo

366 1506 559 1548 discimus
579 1506 648 1549 lib.
667 1518 728 1561 15.
763 1507 982 1548 STANL.

429 1587 519 1628 152.
550 1574 666 1627 δάκρυ
697 1575 865 1627 καναχὲς
894 1573 1106 1627 ὀλόμενον]
1130 1574 1361 1628 Lacrymas
1388 1574 1497 1614 inter
1523 1573 1737 1629 singultus
1766 1578 1806 1613 et

367 1641 563 1696 lugubres
583 1642 767 1696 querelas
786 1641 952 1695 affusa&
985 1641 1116 1680 SCH.

429 1721 521 1764 154.
570 1710 665 1762 πρὸς
707 1709 828 1760 ἔρυμα
865 1709 953 1749 τόδε
993 1712 1118 1749 κακῶν
1156 1711 1300 1749 κεδνῶν
1332 1706 1385 1763 τ’]
1426 1707 1560 1747 Verba
1598 1715 1806 1761 corrupta.

369 1778 509 1818 Metro
529 1776 733 1817 consuluit
754 1775 996 1816 Schuetzius
1017 1773 1326 1830 transponendis
1343 1773 1475 1814 verbis
1495 1776 1638 1813 κεδνῶν
1653 1776 1790 1813 κακῶν,

429 1853 519 1897 155.
542 1843 635 1895 ἄγος
657 1841 799 1897 Stepb.
830 1842 953 1893 ἄλγος
971 1841 1065 1881 libri
1086 1839 1244 1895 reliqui.
1291 1841 1391 1879 Post
1412 1839 1627 1891 ἀπεύχετον
1646 1851 1805 1878 comma

368 1918 557 1964 ponatur.

432 1985 521 2029 157.
561 1974 723 2026 σεβάσω
752 1974 932 2023 «δέσποτα
965 1973 1107 2014 Guelf.
1142 1971 1243 2012 Ald.
1275 1972 1384 2012 Rob.
1415 1971 1541 2022 σέβας
1571 1970 1601 2011 ὦ
1635 1969 1808 2010 δέσποτα

370 2043 503 2083 Turn.
565 2042 703 2091 Quum
743 2039 774 2081 ὦ
802 2040 1001 2081 retineant
1029 2053 1179 2079 omnes.
1198 2037 1305 2087 libri,
1336 2037 1546 2078 dochmios
1573 2036 1632 2077 ita
1659 2034 1808 2076 dividit

372 2110 591 2159 Seidlerus,
614 2111 707 2151 κλύε
727 2110 771 2151 δέ
787 2126 853 2162 μοι
874 2110 965 2161 κλύε
985 2109 1080 2150 σέε
1089 2114 1167 2160 βας
1186 2108 1216 2149 ὦ
1235 2107 1502 2157 δέσποτέἐξ.
1543 2104 1805 2161 Ejiciendum

371 2177 517 2232 putavi
546 2175 598 2217 ὣς
631 2176 878 2217 constructio
898 2186 1051 2226 autem,
1073 2185 1119 2216 ut
1139 2174 1238 2215 mihi
1258 2174 1423 2229 quidem
1446 2173 1622 2222 videtur,
1645 2186 1726 2212 non
1746 2180 1807 2212 est

371 2245 464 2285 κλύε
491 2260 569 2295 μοι,
591 2243 703 2298 quod
733 2252 853 2298 putat
874 2242 1094 2283 Elmsleius
1123 2241 1176 2281 ad
1202 2240 1392 2296 Sophocl.
1413 2240 1516 2280 OEd.
1539 2241 1595 2280 T.
1618 2240 1711 2292 841.
1734 2238 1806 2279 sed

373 2311 464 2351 κλύε
485 2311 540 2356 δὲ,
564 2310 670 2358 κλύε,
692 2308 817 2359 σέβας
834 2325 912 2359 μοι,
934 2307 1121 2348 δέσποτα.
1143 2307 1292 2362 Eurip.
1307 2306 1403 2362 Iph.
1420 2308 1475 2346 A.
1493 2307 1588 2360 635.
1603 2304 1660 2345 ⁹52
1681 2304 1808 2356 σέβας

372 2376 457 2428 ἐμοὶ
485 2375 689 2428 μέγιστον,
715 2374 974 2427 Ἀγαμέμνων
998 2374 1107 2423 ἄναξ.
1138 2373 1264 2423 σέβας
1291 2388 1357 2423 μοι
1386 2371 1506 2412 simul
1535 2370 1808 2412 construenda

372 2442 533 2483 monuit
564 2440 764 2482 Abresch.
807 2440 1036 2481 BLOMF.
1096 2438 1304 2479 Lectionis
1332 2437 1474 2478 vitium
1504 2452 1583 2478 non
1613 2437 1721 2478 omni
1755 2452 1808 2478 ex

371 2518 487 2563 parte
507 2507 735 2548 emendavit
755 2505 1035 2547 Blomfieldus.
1084 2505 1150 2545 De
1169 2503 1466 2544 constructione
1485 2502 1634 2544 rectius
1646 2502 1811 2558 judicat.

372 2574 604 2615 Elmsleius

431 2642 472 2690 ἐξ
508 2641 678 2692 ἀμαυρᾶς
709 2639 872 2694 φρενός]
906 2637 1124 2679 Schutzius
1153 2636 1287 2686 vertit,
1316 2636 1430 2677 Audi
1456 2649 1593 2691 preces
1624 2650 1727 2690 quas
1755 2649 1809 2676 ex

372 2707 490 2747 eorde
510 2712 566 2747 tot
585 2707 706 2746 malis
724 2706 957 2746 obnubilato
958 2704 1205 2758 fundimus.
1237 2702 1448 2751 Butlerus,
1470 2701 1588 2742 Audi
1606 2716 1630 2741 ο
1648 2701 1810 2742 domine

374 2773 475 2812 mihi
496 2773 742 2821 venerande,
763 2785 814 2811 ea*
833 2771 1005 2811 obscura
1025 2775 1166 2810 mente.
1188 2769 1229 2809 h.
1250 2783 1286 2809 e.
1307 2769 1496 2824 quamvis
1516 2768 1662 2808 umbra
1686 2769 1744 2808 sis
1769 2774 1809 2808 et

373 2841 419 2879 in
449 2839 623 2879 tenebris
652 2838 840 2877 verseris.
899 2835 1035 2891 Atqui
1061 2850 1141 2876 non
1169 2834 1342 2876 dubium
1361 2841 1422 2875 est
1441 2849 1558 2875 voces
1579 2834 1619 2883 ἐξ
1637 2834 1809 2885 ἀμαυρᾶς

374 2905 517 2958 φρενός
535 2904 587 2945 ad
607 2903 741 2959 ipsum
767 2903 937 2944 chorum
967 2901 1122 2951 referri,
1143 2902 1295 2956 Agam.
1316 2909 1412 2954 529.
1440 2899 1515 2943 Ὡς
1543 2898 1659 2940 πόλλ’
1687 2900 1807 2950 ἀμαυ-
