<?xml version="1.0" encoding="UTF-8"?>
<!DOCTYPE html PUBLIC "-//W3C//DTD XHTML 1.0 Transitional//EN"
    "http://www.w3.org/TR/xhtml1/DTD/xhtml1-transitional.dtd">
<html xmlns="http://www.w3.org/1999/xhtml" xml:lang="en" lang="en">
 <head>
  <title>
</title>
<meta http-equiv="Content-Type" content="text/html;charset=utf-8" />
  <meta name='ocr-system' content='tesseract 3.04.00' />
  <meta name='ocr-capabilities' content='ocr_page ocr_carea ocr_par ocr_line ocrx_word'/>
</head>
<body>
  <div class='ocr_page' id='page_1' title='image "./p2tragoediaesupe02aescuoft_0096.png"; bbox 0 0 1962 3224; ppageno 0'>
   <div class='ocr_carea' id='block_1_1' title="bbox 372 187 1339 231">
    <p class='ocr_par' dir='ltr' id='par_1_1' title="bbox 372 187 1339 231">
     <span class='ocr_line' id='line_1_1' title="bbox 372 187 1339 231; baseline 0.005 -5"><span class='ocrx_word' id='word_1_1' title='bbox 372 187 454 227; x_wconf 77' lang='lat'><strong>412</strong></span> <span class='ocrx_word' id='word_1_2' title='bbox 846 189 1339 231; x_wconf 87' lang='lat' dir='ltr'><strong>ANNOTATIONES</strong></span> 
     </span>
    </p>
   </div>
   <div class='ocr_carea' id='block_1_2' title="bbox 374 296 1862 877">
    <p class='ocr_par' dir='ltr' id='par_1_2' title="bbox 374 296 1811 551">
     <span class='ocr_line' id='line_1_2' title="bbox 374 296 1810 351; baseline -0.001 -15"><span class='ocrx_word' id='word_1_3' title='bbox 374 296 436 336; x_wconf 86' lang='grc' dir='ltr'><strong>καὶ</strong></span> <span class='ocrx_word' id='word_1_4' title='bbox 465 296 583 336; x_wconf 83' lang='grc' dir='ltr'>ἄλλοι</span> <span class='ocrx_word' id='word_1_5' title='bbox 612 298 725 344; x_wconf 75' lang='grc' dir='ltr'>τινὲς,</span> <span class='ocrx_word' id='word_1_6' title='bbox 747 297 817 338; x_wconf 84' lang='grc' dir='ltr'><strong>τὸν</strong></span> <span class='ocrx_word' id='word_1_7' title='bbox 837 298 1070 351; x_wconf 80' lang='grc' dir='ltr'>ἐπιμάρτυρα</span> <span class='ocrx_word' id='word_1_8' title='bbox 1096 298 1330 349; x_wconf 77' lang='grc' dir='ltr'>ἐξεδέξαντο.</span> <span class='ocrx_word' id='word_1_9' title='bbox 1390 297 1601 346; x_wconf 88' lang='lat' dir='ltr'><strong>Butlerus,</strong></span> <span class='ocrx_word' id='word_1_10' title='bbox 1622 310 1715 337; x_wconf 87' lang='lat' dir='ltr'><strong>cum</strong></span> <span class='ocrx_word' id='word_1_11' title='bbox 1738 296 1810 336; x_wconf 92' lang='lat' dir='ltr'><strong>In-</strong></span> 
     </span>
     <span class='ocr_line' id='line_1_3' title="bbox 374 362 1811 420; baseline 0 -18"><span class='ocrx_word' id='word_1_12' title='bbox 374 368 552 417; x_wconf 83' lang='lat' dir='ltr'><strong>terprete</strong></span> <span class='ocrx_word' id='word_1_13' title='bbox 573 362 732 404; x_wconf 89' lang='lat' dir='ltr'><strong>Gallico</strong></span> <span class='ocrx_word' id='word_1_14' title='bbox 752 364 992 405; x_wconf 88' lang='lat' dir='ltr'><strong>vertendum</strong></span> <span class='ocrx_word' id='word_1_15' title='bbox 1013 373 1145 420; x_wconf 85' lang='lat' dir='ltr'><strong>putat,</strong></span> <span class='ocrx_word' id='word_1_16' title='bbox 1165 365 1253 405; x_wconf 74' lang='lat' dir='ltr'><strong>haec</strong></span> <span class='ocrx_word' id='word_1_17' title='bbox 1282 378 1453 405; x_wconf 79' lang='lat' dir='ltr'><strong>munera</strong></span> <span class='ocrx_word' id='word_1_18' title='bbox 1481 363 1702 419; x_wconf 76' lang='lat' dir='ltr'><em>hospitalia</em></span> <span class='ocrx_word' id='word_1_19' title='bbox 1730 377 1811 403; x_wconf 85' lang='lat' dir='ltr'><strong>mo-</strong></span> 
     </span>
     <span class='ocr_line' id='line_1_4' title="bbox 374 428 1808 486; baseline 0 -18"><span class='ocrx_word' id='word_1_20' title='bbox 374 429 514 468; x_wconf 77' lang='lat' dir='ltr'><strong>ritura</strong></span> <span class='ocrx_word' id='word_1_21' title='bbox 534 443 671 484; x_wconf 77' lang='lat' dir='ltr'><strong>posco,</strong></span> <span class='ocrx_word' id='word_1_22' title='bbox 736 430 867 470; x_wconf 88' lang='lat' dir='ltr'><strong>Schol.</strong></span> <span class='ocrx_word' id='word_1_23' title='bbox 889 431 1065 486; x_wconf 84' lang='lat' dir='ltr'><strong>explicat</strong></span> <span class='ocrx_word' id='word_1_24' title='bbox 1085 445 1157 485; x_wconf 91' lang='lat' dir='ltr'><strong>per</strong></span> <span class='ocrx_word' id='word_1_25' title='bbox 1178 434 1389 483; x_wconf 86' lang='grc' dir='ltr'>φιλιοῦμαι.</span> <span class='ocrx_word' id='word_1_26' title='bbox 1451 429 1702 484; x_wconf 82' lang='lat' dir='ltr'><strong>Plerumque</strong></span> <span class='ocrx_word' id='word_1_27' title='bbox 1729 428 1808 483; x_wconf 84' lang='lat' dir='ltr'><strong>sig-</strong></span> 
     </span>
     <span class='ocr_line' id='line_1_5' title="bbox 375 494 1181 551; baseline 0.002 -17"><span class='ocrx_word' id='word_1_28' title='bbox 375 494 512 535; x_wconf 85' lang='lat' dir='ltr'><strong>nificat</strong></span> <span class='ocrx_word' id='word_1_29' title='bbox 532 495 707 550; x_wconf 76' lang='lat' dir='ltr'><strong>hospitio</strong></span> <span class='ocrx_word' id='word_1_30' title='bbox 727 497 923 551; x_wconf 71' lang='lat' dir='ltr'><strong>excipior.</strong></span> <span class='ocrx_word' id='word_1_31' title='bbox 954 497 1181 537; x_wconf 88' lang='lat' dir='ltr'><strong>BLOMF.</strong></span> 
     </span>
    </p>

    <p class='ocr_par' dir='ltr' id='par_1_3' title="bbox 438 558 1554 614">
     <span class='ocr_line' id='line_1_6' title="bbox 438 558 1554 614; baseline 0.002 -16"><span class='ocrx_word' id='word_1_32' title='bbox 438 571 558 612; x_wconf 79' lang='grc'><strong>1322.</strong></span> <span class='ocrx_word' id='word_1_33' title='bbox 576 561 691 611; x_wconf 84' lang='grc' dir='ltr'>ῥῆσιν</span> <span class='ocrx_word' id='word_1_34' title='bbox 711 558 750 614; x_wconf 81' lang='grc' dir='ltr'><strong>ἢ]</strong></span> <span class='ocrx_word' id='word_1_35' title='bbox 773 561 918 601; x_wconf 83' lang='lat' dir='ltr'>Lectio</span> <span class='ocrx_word' id='word_1_36' title='bbox 936 561 1090 601; x_wconf 85' lang='lat' dir='ltr'><strong>vitiosa.</strong></span> <span class='ocrx_word' id='word_1_37' title='bbox 1120 562 1255 613; x_wconf 84' lang='grc' dir='ltr'>ῥύσιον</span> <span class='ocrx_word' id='word_1_38' title='bbox 1277 562 1554 601; x_wconf 83' lang='lat' dir='ltr'><strong>Hermannus.</strong></span> 
     </span>
    </p>

    <p class='ocr_par' dir='ltr' id='par_1_4' title="bbox 437 627 1072 682">
     <span class='ocr_line' id='line_1_7' title="bbox 437 627 1072 682; baseline 0.003 -18"><span class='ocrx_word' id='word_1_39' title='bbox 437 637 556 679; x_wconf 83' lang='lat'><strong>1323.</strong></span> <span class='ocrx_word' id='word_1_40' title='bbox 579 627 692 677; x_wconf 79' lang='grc' dir='ltr'>αὐτῆς</span> <span class='ocrx_word' id='word_1_41' title='bbox 715 628 770 667; x_wconf 84' lang='grc' dir='ltr'><strong>Τ.</strong></span> <span class='ocrx_word' id='word_1_42' title='bbox 802 629 915 677; x_wconf 82' lang='grc' dir='ltr'>αὐτῆς</span> <span class='ocrx_word' id='word_1_43' title='bbox 939 627 1072 682; x_wconf 84' lang='lat' dir='ltr'><strong>vulgo.</strong></span> 
     </span>
    </p>

    <p class='ocr_par' dir='ltr' id='par_1_5' title="bbox 432 691 1318 747">
     <span class='ocr_line' id='line_1_8' title="bbox 432 691 1318 747; baseline 0.002 -16"><span class='ocrx_word' id='word_1_44' title='bbox 432 692 548 747; x_wconf 84' lang='grc' dir='ltr'>ἡλίῳ]</span> <span class='ocrx_word' id='word_1_45' title='bbox 575 691 843 732; x_wconf 87' lang='lat' dir='ltr'><strong>Scribendum</strong></span> <span class='ocrx_word' id='word_1_46' title='bbox 865 694 976 743; x_wconf 83' lang='grc' dir='ltr'>ἡλίου</span> <span class='ocrx_word' id='word_1_47' title='bbox 995 708 1088 733; x_wconf 87' lang='lat' dir='ltr'><strong>cum</strong></span> <span class='ocrx_word' id='word_1_48' title='bbox 1111 694 1141 733; x_wconf 88' lang='lat' dir='ltr'>J</span> <span class='ocrx_word' id='word_1_49' title='bbox 1144 693 1318 733; x_wconf 85' lang='lat' dir='ltr'><strong>aoobsio.</strong></span> 
     </span>
    </p>

    <p class='ocr_par' dir='ltr' id='par_1_6' title="bbox 377 749 1862 877">
     <span class='ocr_line' id='line_1_9' title="bbox 438 749 1862 812; baseline 0.001 -16"><span class='ocrx_word' id='word_1_50' title='bbox 438 769 558 811; x_wconf 83' lang='lat'><strong>1325.</strong></span> <span class='ocrx_word' id='word_1_51' title='bbox 600 758 752 810; x_wconf 82' lang='grc' dir='ltr'>ἐχθροῖς</span> <span class='ocrx_word' id='word_1_52' title='bbox 790 762 955 810; x_wconf 78' lang='grc' dir='ltr'>φονεῦσι</span> <span class='ocrx_word' id='word_1_53' title='bbox 993 763 1072 801; x_wconf 80' lang='grc' dir='ltr'>τοῖς</span> <span class='ocrx_word' id='word_1_54' title='bbox 1110 761 1215 810; x_wconf 80' lang='grc' dir='ltr'>ἐμοῖς</span> <span class='ocrx_word' id='word_1_55' title='bbox 1252 760 1374 799; x_wconf 81' lang='grc' dir='ltr'>τίνειν</span> <span class='ocrx_word' id='word_1_56' title='bbox 1406 757 1517 812; x_wconf 84' lang='grc' dir='ltr'>ὁμοῦ]</span> <span class='ocrx_word' id='word_1_57' title='bbox 1552 758 1690 798; x_wconf 88' lang='lat' dir='ltr'><strong>Locus</strong></span> <span class='ocrx_word' id='word_1_58' title='bbox 1723 772 1810 797; x_wconf 86' lang='lat' dir='ltr'><strong>cor·</strong></span> <span class='ocrx_word' id='word_1_59' title='bbox 1845 749 1862 766; x_wconf 67' lang='lat'><em>⁴</em></span> 
     </span>
     <span class='ocr_line' id='line_1_10' title="bbox 377 831 539 877; baseline 0 -15"><span class='ocrx_word' id='word_1_60' title='bbox 377 831 539 877; x_wconf 80' lang='lat' dir='ltr'><strong>ruptus.</strong></span> 
     </span>
    </p>
   </div>
   <div class='ocr_carea' id='block_1_3' title="bbox 380 887 1815 994">
    <p class='ocr_par' dir='ltr' id='par_1_7' title="bbox 380 887 1815 994">
     <span class='ocr_line' id='line_1_11' title="bbox 441 887 1815 944; baseline 0.002 -19"><span class='ocrx_word' id='word_1_61' title='bbox 441 888 554 942; x_wconf 79' lang='lat'><strong>1328.</strong></span> <span class='ocrx_word' id='word_1_62' title='bbox 587 887 635 928; x_wconf 87' lang='grc' dir='ltr'><strong>ἂν</strong></span> <span class='ocrx_word' id='word_1_63' title='bbox 658 887 840 941; x_wconf 82' lang='grc' dir='ltr'>τρέψειεν</span> <span class='ocrx_word' id='word_1_64' title='bbox 867 890 1087 930; x_wconf 90' lang='lat' dir='ltr'><strong>Porsonus.</strong></span> <span class='ocrx_word' id='word_1_65' title='bbox 1118 889 1351 942; x_wconf 82' lang='grc' dir='ltr'>ἀντρέψειεν</span> <span class='ocrx_word' id='word_1_66' title='bbox 1370 887 1509 944; x_wconf 84' lang='lat' dir='ltr'><strong>vulgo.</strong></span> <span class='ocrx_word' id='word_1_67' title='bbox 1540 887 1736 940; x_wconf 81' lang='grc' dir='ltr'>ἀντρέψει’</span> <span class='ocrx_word' id='word_1_68' title='bbox 1764 887 1815 929; x_wconf 83' lang='grc' dir='ltr'><strong>ἂν</strong></span> 
     </span>
     <span class='ocr_line' id='line_1_12' title="bbox 380 953 633 994; baseline -0.004 0"><span class='ocrx_word' id='word_1_69' title='bbox 380 953 633 994; x_wconf 82' lang='lat' dir='ltr'><strong>Schuetzius.</strong></span> 
     </span>
    </p>
   </div>
   <div class='ocr_carea' id='block_1_4' title="bbox 364 1019 1824 2926">
    <p class='ocr_par' dir='ltr' id='par_1_8' title="bbox 377 1019 1813 1142">
     <span class='ocr_line' id='line_1_13' title="bbox 434 1019 1813 1077; baseline 0 -17"><span class='ocrx_word' id='word_1_70' title='bbox 434 1023 619 1073; x_wconf 83' lang='grc' dir='ltr'>δυστυχεῖ</span> <span class='ocrx_word' id='word_1_71' title='bbox 637 1021 856 1061; x_wconf 84' lang='lat' dir='ltr'><strong>Porsonus.</strong></span> <span class='ocrx_word' id='word_1_72' title='bbox 890 1023 1060 1077; x_wconf 80' lang='grc' dir='ltr'>δυστυχῇ</span> <span class='ocrx_word' id='word_1_73' title='bbox 1080 1020 1218 1076; x_wconf 89' lang='lat' dir='ltr'><strong>vulgo.</strong></span> <span class='ocrx_word' id='word_1_74' title='bbox 1279 1022 1455 1061; x_wconf 83' lang='lat' dir='ltr'><strong>Praestat</strong></span> <span class='ocrx_word' id='word_1_75' title='bbox 1482 1023 1679 1073; x_wconf 84' lang='grc' dir='ltr'>δυστυχοῖ,</span> <span class='ocrx_word' id='word_1_76' title='bbox 1701 1019 1813 1075; x_wconf 87' lang='lat' dir='ltr'><strong>quod</strong></span> 
     </span>
     <span class='ocr_line' id='line_1_14' title="bbox 377 1086 813 1142; baseline -0.005 -14"><span class='ocrx_word' id='word_1_77' title='bbox 377 1086 516 1142; x_wconf 84' lang='lat' dir='ltr'>posuit</span> <span class='ocrx_word' id='word_1_78' title='bbox 538 1086 813 1127; x_wconf 85' lang='lat' dir='ltr'><strong>Blomfieldus.</strong></span> 
     </span>
    </p>

    <p class='ocr_par' dir='ltr' id='par_1_9' title="bbox 364 1150 1824 2926">
     <span class='ocr_line' id='line_1_15' title="bbox 439 1150 1816 1208; baseline -0.001 -16"><span class='ocrx_word' id='word_1_79' title='bbox 439 1165 558 1207; x_wconf 80' lang='lat'><strong>1329.</strong></span> <span class='ocrx_word' id='word_1_80' title='bbox 586 1152 775 1206; x_wconf 81' lang='grc' dir='ltr'>σπόγγος]</span> <span class='ocrx_word' id='word_1_81' title='bbox 796 1153 999 1208; x_wconf 77' lang='lat' dir='ltr'><em>Spongia,</em></span> <span class='ocrx_word' id='word_1_82' title='bbox 1021 1168 1103 1208; x_wconf 87' lang='lat' dir='ltr'><strong>qua</strong></span> <span class='ocrx_word' id='word_1_83' title='bbox 1125 1162 1279 1193; x_wconf 82' lang='lat' dir='ltr'><strong>veteres</strong></span> <span class='ocrx_word' id='word_1_84' title='bbox 1303 1152 1354 1193; x_wconf 85' lang='lat' dir='ltr'><strong>ad</strong></span> <span class='ocrx_word' id='word_1_85' title='bbox 1385 1167 1542 1193; x_wconf 86' lang='lat' dir='ltr'><strong>mensas</strong></span> <span class='ocrx_word' id='word_1_86' title='bbox 1561 1151 1626 1192; x_wconf 89' lang='lat' dir='ltr'><strong>vel</strong></span> <span class='ocrx_word' id='word_1_87' title='bbox 1655 1150 1816 1192; x_wconf 85' lang='lat' dir='ltr'><strong>tabulas</strong></span> 
     </span>
     <span class='ocr_line' id='line_1_16' title="bbox 378 1218 1818 1274; baseline -0.001 -15"><span class='ocrx_word' id='word_1_88' title='bbox 378 1219 668 1273; x_wconf 82' lang='lat' dir='ltr'><strong>abstergendas</strong></span> <span class='ocrx_word' id='word_1_89' title='bbox 700 1218 758 1259; x_wconf 90' lang='lat' dir='ltr'><strong>uti</strong></span> <span class='ocrx_word' id='word_1_90' title='bbox 789 1219 984 1260; x_wconf 88' lang='lat' dir='ltr'><strong>solebant.</strong></span> <span class='ocrx_word' id='word_1_91' title='bbox 1016 1218 1164 1274; x_wconf 86' lang='lat' dir='ltr'><strong>Odyss.</strong></span> <span class='ocrx_word' id='word_1_92' title='bbox 1186 1223 1233 1259; x_wconf 88' lang='lat' dir='ltr'><strong>A.</strong></span> <span class='ocrx_word' id='word_1_93' title='bbox 1255 1232 1344 1259; x_wconf 86' lang='lat'><strong>111.</strong></span> <span class='ocrx_word' id='word_1_94' title='bbox 1375 1220 1413 1259; x_wconf 80' lang='grc' dir='ltr'><strong>οἱ</strong></span> <span class='ocrx_word' id='word_1_95' title='bbox 1436 1218 1466 1259; x_wconf 89' lang='grc' dir='ltr'><strong>δ’</strong></span> <span class='ocrx_word' id='word_1_96' title='bbox 1490 1219 1580 1259; x_wconf 78' lang='grc' dir='ltr'>αὖτε</span> <span class='ocrx_word' id='word_1_97' title='bbox 1604 1218 1818 1270; x_wconf 82' lang='grc' dir='ltr'>σπόγγοισι</span> 
     </span>
     <span class='ocr_line' id='line_1_17' title="bbox 378 1283 1815 1340; baseline -0.003 -13"><span class='ocrx_word' id='word_1_98' title='bbox 378 1285 655 1338; x_wconf 80' lang='grc' dir='ltr'>πολυτρήτοισι</span> <span class='ocrx_word' id='word_1_99' title='bbox 686 1285 875 1338; x_wconf 82' lang='grc' dir='ltr'>τραπέζας</span> <span class='ocrx_word' id='word_1_100' title='bbox 904 1287 1036 1334; x_wconf 85' lang='grc' dir='ltr'>Νίζον.</span> <span class='ocrx_word' id='word_1_101' title='bbox 1099 1287 1249 1326; x_wconf 90' lang='lat' dir='ltr'>Sensus</span> <span class='ocrx_word' id='word_1_102' title='bbox 1279 1285 1403 1340; x_wconf 77' lang='lat' dir='ltr'><strong>liujus</strong></span> <span class='ocrx_word' id='word_1_103' title='bbox 1432 1283 1507 1324; x_wconf 88' lang='lat' dir='ltr'><strong>loci</strong></span> <span class='ocrx_word' id='word_1_104' title='bbox 1538 1284 1815 1324; x_wconf 81' lang='lat' dir='ltr'>subobscurus</span> 
     </span>
     <span class='ocr_line' id='line_1_18' title="bbox 379 1351 1818 1407; baseline -0.001 -15"><span class='ocrx_word' id='word_1_105' title='bbox 379 1362 453 1392; x_wconf 88' lang='lat' dir='ltr'><strong>est.</strong></span> <span class='ocrx_word' id='word_1_106' title='bbox 515 1351 694 1392; x_wconf 85' lang='lat' dir='ltr'><strong>Schutzii</strong></span> <span class='ocrx_word' id='word_1_107' title='bbox 714 1352 994 1407; x_wconf 79' lang='lat' dir='ltr'><strong>interpretatio</strong></span> <span class='ocrx_word' id='word_1_108' title='bbox 1013 1351 1101 1392; x_wconf 86' lang='lat' dir='ltr'><strong>haec</strong></span> <span class='ocrx_word' id='word_1_109' title='bbox 1121 1360 1206 1392; x_wconf 87' lang='lat' dir='ltr'><strong>est:</strong></span> <span class='ocrx_word' id='word_1_110' title='bbox 1244 1352 1558 1406; x_wconf 73' lang='lat' dir='ltr'><strong>Prosperitatem</strong></span> <span class='ocrx_word' id='word_1_111' title='bbox 1587 1351 1651 1390; x_wconf 79' lang='lat' dir='ltr'><strong>vel</strong></span> <span class='ocrx_word' id='word_1_112' title='bbox 1667 1351 1818 1391; x_wconf 81' lang='lat' dir='ltr'><strong>umbra</strong></span> 
     </span>
     <span class='ocr_line' id='line_1_19' title="bbox 378 1417 1815 1474; baseline -0.002 -15"><span class='ocrx_word' id='word_1_113' title='bbox 378 1420 563 1474; x_wconf 75' lang='lat' dir='ltr'><strong>quaelibet</strong></span> <span class='ocrx_word' id='word_1_114' title='bbox 589 1420 810 1459; x_wconf 80' lang='lat' dir='ltr'><strong>everterit:</strong></span> <span class='ocrx_word' id='word_1_115' title='bbox 841 1418 900 1458; x_wconf 89' lang='lat' dir='ltr'><strong>sin</strong></span> <span class='ocrx_word' id='word_1_116' title='bbox 931 1418 1117 1458; x_wconf 82' lang='lat' dir='ltr'><strong>adversae</strong></span> <span class='ocrx_word' id='word_1_117' title='bbox 1137 1418 1307 1471; x_wconf 74' lang='lat' dir='ltr'><strong>fuer-int</strong></span> <span class='ocrx_word' id='word_1_118' title='bbox 1335 1431 1416 1466; x_wconf 78' lang='lat' dir='ltr'><strong>res,</strong></span> <span class='ocrx_word' id='word_1_119' title='bbox 1437 1417 1605 1456; x_wconf 68' lang='lat' dir='ltr'><strong>madida</strong></span> <span class='ocrx_word' id='word_1_120' title='bbox 1630 1431 1721 1472; x_wconf 80' lang='lat' dir='ltr'><strong>quae</strong></span> <span class='ocrx_word' id='word_1_121' title='bbox 1749 1418 1815 1456; x_wconf 78' lang='lat' dir='ltr'><strong>in-</strong></span> 
     </span>
     <span class='ocr_line' id='line_1_20' title="bbox 364 1482 1819 1541; baseline -0.002 -16"><span class='ocrx_word' id='word_1_122' title='bbox 364 1486 482 1541; x_wconf 81' lang='lat' dir='ltr'><em>jecta</em></span> <span class='ocrx_word' id='word_1_123' title='bbox 493 1485 657 1539; x_wconf 63' lang='lat' dir='ltr'><strong>faerit,</strong></span> <span class='ocrx_word' id='word_1_124' title='bbox 678 1486 858 1541; x_wconf 75' lang='lat' dir='ltr'><strong>spongia</strong></span> <span class='ocrx_word' id='word_1_125' title='bbox 877 1486 1129 1539; x_wconf 74' lang='lat' dir='ltr'><strong>scripturam</strong></span> <span class='ocrx_word' id='word_1_126' title='bbox 1149 1485 1278 1525; x_wconf 85' lang='lat' dir='ltr'><strong>delet:</strong></span> <span class='ocrx_word' id='word_1_127' title='bbox 1308 1483 1350 1523; x_wconf 92' lang='lat' dir='ltr'><strong>h.</strong></span> <span class='ocrx_word' id='word_1_128' title='bbox 1366 1499 1403 1523; x_wconf 90' lang='lat' dir='ltr'><strong>e.</strong></span> <span class='ocrx_word' id='word_1_129' title='bbox 1435 1482 1689 1523; x_wconf 85' lang='lat' dir='ltr'><strong>adversitatis</strong></span> <span class='ocrx_word' id='word_1_130' title='bbox 1714 1482 1819 1523; x_wconf 87' lang='lat' dir='ltr'><strong>adeo</strong></span> 
     </span>
     <span class='ocr_line' id='line_1_21' title="bbox 377 1549 1816 1605; baseline -0.001 -13"><span class='ocrx_word' id='word_1_131' title='bbox 377 1551 496 1592; x_wconf 86' lang='lat' dir='ltr'><strong>facile</strong></span> <span class='ocrx_word' id='word_1_132' title='bbox 516 1551 696 1592; x_wconf 87' lang='lat' dir='ltr'><strong>oblivisci</strong></span> <span class='ocrx_word' id='word_1_133' title='bbox 717 1551 845 1591; x_wconf 85' lang='lat' dir='ltr'><strong>solent</strong></span> <span class='ocrx_word' id='word_1_134' title='bbox 866 1550 1048 1591; x_wconf 88' lang='lat' dir='ltr'><strong>homines</strong></span> <span class='ocrx_word' id='word_1_135' title='bbox 1066 1560 1113 1591; x_wconf 90' lang='lat' dir='ltr'><strong>ut</strong></span> <span class='ocrx_word' id='word_1_136' title='bbox 1134 1550 1222 1605; x_wconf 82' lang='lat' dir='ltr'><strong>ejus</strong></span> <span class='ocrx_word' id='word_1_137' title='bbox 1242 1549 1449 1599; x_wconf 87' lang='lat' dir='ltr'><strong>memoria,</strong></span> <span class='ocrx_word' id='word_1_138' title='bbox 1471 1559 1666 1604; x_wconf 84' lang='lat' dir='ltr'><strong>tanquam</strong></span> <span class='ocrx_word' id='word_1_139' title='bbox 1694 1563 1816 1605; x_wconf 90' lang='lat' dir='ltr'><strong>spon-</strong></span> 
     </span>
     <span class='ocr_line' id='line_1_22' title="bbox 379 1616 1816 1673; baseline -0.001 -15"><span class='ocrx_word' id='word_1_140' title='bbox 379 1618 447 1673; x_wconf 90' lang='lat' dir='ltr'><strong>gia</strong></span> <span class='ocrx_word' id='word_1_141' title='bbox 481 1618 614 1658; x_wconf 86' lang='lat' dir='ltr'><strong>deleta</strong></span> <span class='ocrx_word' id='word_1_142' title='bbox 653 1633 819 1673; x_wconf 81' lang='lat' dir='ltr'><strong>prorsus</strong></span> <span class='ocrx_word' id='word_1_143' title='bbox 857 1625 1083 1657; x_wconf 82' lang='lat' dir='ltr'><strong>evanescat.</strong></span> <span class='ocrx_word' id='word_1_144' title='bbox 1154 1616 1306 1657; x_wconf 89' lang='lat' dir='ltr'><strong>Melius</strong></span> <span class='ocrx_word' id='word_1_145' title='bbox 1339 1616 1559 1663; x_wconf 86' lang='lat' dir='ltr'><strong>Butlerus;</strong></span> <span class='ocrx_word' id='word_1_146' title='bbox 1602 1631 1730 1671; x_wconf 92' lang='lat' dir='ltr'><strong>quum</strong></span> <span class='ocrx_word' id='word_1_147' title='bbox 1766 1630 1816 1656; x_wconf 88' lang='lat' dir='ltr'><strong>ex</strong></span> 
     </span>
     <span class='ocr_line' id='line_1_23' title="bbox 380 1681 1819 1739; baseline -0.001 -15"><span class='ocrx_word' id='word_1_148' title='bbox 380 1684 503 1724; x_wconf 87' lang='lat' dir='ltr'><strong>rebus</strong></span> <span class='ocrx_word' id='word_1_149' title='bbox 523 1683 726 1739; x_wconf 83' lang='lat' dir='ltr'>prosperis</span> <span class='ocrx_word' id='word_1_150' title='bbox 743 1683 784 1723; x_wconf 88' lang='lat' dir='ltr'><strong>in</strong></span> <span class='ocrx_word' id='word_1_151' title='bbox 805 1683 994 1723; x_wconf 82' lang='lat' dir='ltr'><strong>adversas</strong></span> <span class='ocrx_word' id='word_1_152' title='bbox 1022 1683 1114 1737; x_wconf 88' lang='lat' dir='ltr'><strong>quis</strong></span> <span class='ocrx_word' id='word_1_153' title='bbox 1143 1682 1342 1730; x_wconf 84' lang='lat' dir='ltr'><strong>inciderit,</strong></span> <span class='ocrx_word' id='word_1_154' title='bbox 1362 1682 1493 1723; x_wconf 88' lang='lat' dir='ltr'><strong>omnis</strong></span> <span class='ocrx_word' id='word_1_155' title='bbox 1521 1681 1666 1738; x_wconf 87' lang='lat' dir='ltr'><strong>prioris</strong></span> <span class='ocrx_word' id='word_1_156' title='bbox 1695 1681 1819 1722; x_wconf 84' lang='lat' dir='ltr'><strong>felici-</strong></span> 
     </span>
     <span class='ocr_line' id='line_1_24' title="bbox 381 1747 1817 1804; baseline -0.001 -14"><span class='ocrx_word' id='word_1_157' title='bbox 381 1749 489 1799; x_wconf 85' lang='lat' dir='ltr'><strong>tatis,</strong></span> <span class='ocrx_word' id='word_1_158' title='bbox 510 1758 704 1804; x_wconf 86' lang='lat' dir='ltr'><strong>tanquam</strong></span> <span class='ocrx_word' id='word_1_159' title='bbox 735 1748 905 1804; x_wconf 79' lang='lat' dir='ltr'><strong>spongia</strong></span> <span class='ocrx_word' id='word_1_160' title='bbox 932 1748 1128 1796; x_wconf 85' lang='lat' dir='ltr'><strong>adhibita,</strong></span> <span class='ocrx_word' id='word_1_161' title='bbox 1154 1748 1348 1789; x_wconf 87' lang='lat' dir='ltr'><strong>memoria</strong></span> <span class='ocrx_word' id='word_1_162' title='bbox 1376 1748 1550 1789; x_wconf 83' lang='lat' dir='ltr'><strong>deletur.</strong></span> <span class='ocrx_word' id='word_1_163' title='bbox 1610 1747 1817 1803; x_wconf 85' lang='lat' dir='ltr'>Equidem</span> 
     </span>
     <span class='ocr_line' id='line_1_25' title="bbox 380 1814 1817 1869; baseline -0.001 -13"><span class='ocrx_word' id='word_1_164' title='bbox 380 1816 514 1856; x_wconf 87' lang='lat' dir='ltr'><strong>locum</strong></span> <span class='ocrx_word' id='word_1_165' title='bbox 545 1815 600 1856; x_wconf 87' lang='lat' dir='ltr'><strong>sic</strong></span> <span class='ocrx_word' id='word_1_166' title='bbox 629 1814 885 1869; x_wconf 84' lang='lat' dir='ltr'><strong>interpretari</strong></span> <span class='ocrx_word' id='word_1_167' title='bbox 911 1814 1079 1861; x_wconf 86' lang='lat' dir='ltr'><strong>malim;</strong></span> <span class='ocrx_word' id='word_1_168' title='bbox 1112 1828 1178 1855; x_wconf 79' lang='lat' dir='ltr'><strong>res</strong></span> <span class='ocrx_word' id='word_1_169' title='bbox 1203 1828 1427 1869; x_wconf 80' lang='lat' dir='ltr'><strong>prosperas</strong></span> <span class='ocrx_word' id='word_1_170' title='bbox 1454 1815 1518 1855; x_wconf 80' lang='lat' dir='ltr'><strong>vel</strong></span> <span class='ocrx_word' id='word_1_171' title='bbox 1535 1814 1682 1854; x_wconf 83' lang='lat' dir='ltr'><strong>umbra</strong></span> <span class='ocrx_word' id='word_1_172' title='bbox 1701 1827 1817 1854; x_wconf 82' lang='lat' dir='ltr'><em>ever-</em></span> 
     </span>
     <span class='ocr_line' id='line_1_26' title="bbox 381 1880 1818 1931; baseline -0.002 -8"><span class='ocrx_word' id='word_1_173' title='bbox 381 1884 493 1931; x_wconf 73' lang='lat' dir='ltr'><strong>terit,</strong></span> <span class='ocrx_word' id='word_1_174' title='bbox 517 1890 562 1922; x_wconf 89' lang='lat' dir='ltr'><strong>ut</strong></span> <span class='ocrx_word' id='word_1_175' title='bbox 581 1881 826 1921; x_wconf 87' lang='lat' dir='ltr'><strong>mutationes</strong></span> <span class='ocrx_word' id='word_1_176' title='bbox 849 1880 966 1921; x_wconf 83' lang='lat' dir='ltr'><strong>facile</strong></span> <span class='ocrx_word' id='word_1_177' title='bbox 994 1880 1238 1926; x_wconf 84' lang='lat' dir='ltr'><strong>admittant;</strong></span> <span class='ocrx_word' id='word_1_178' title='bbox 1269 1881 1315 1920; x_wconf 74' lang='lat' dir='ltr'><strong>in</strong></span> <span class='ocrx_word' id='word_1_179' title='bbox 1345 1882 1533 1921; x_wconf 77' lang='lat' dir='ltr'><strong>adversis</strong></span> <span class='ocrx_word' id='word_1_180' title='bbox 1560 1894 1657 1920; x_wconf 79' lang='lat' dir='ltr'><em>vero</em></span> <span class='ocrx_word' id='word_1_181' title='bbox 1682 1881 1818 1930; x_wconf 76' lang='lat' dir='ltr'><em>rebus,</em></span> 
     </span>
     <span class='ocr_line' id='line_1_27' title="bbox 382 1945 1820 2003; baseline -0.001 -15"><span class='ocrx_word' id='word_1_182' title='bbox 382 1948 486 1989; x_wconf 80' lang='lat' dir='ltr'><strong>sicut</strong></span> <span class='ocrx_word' id='word_1_183' title='bbox 504 1948 688 2003; x_wconf 78' lang='lat' dir='ltr'><strong>spongia</strong></span> <span class='ocrx_word' id='word_1_184' title='bbox 708 1947 857 1987; x_wconf 81' lang='lat' dir='ltr'><em>tabulae</em></span> <span class='ocrx_word' id='word_1_185' title='bbox 875 1947 1007 1986; x_wconf 71' lang='lat' dir='ltr'><strong>lineas</strong></span> <span class='ocrx_word' id='word_1_186' title='bbox 1019 1947 1191 2002; x_wconf 74' lang='lat' dir='ltr'><strong>penitus</strong></span> <span class='ocrx_word' id='word_1_187' title='bbox 1210 1947 1341 1987; x_wconf 77' lang='lat' dir='ltr'><strong>delere</strong></span> <span class='ocrx_word' id='word_1_188' title='bbox 1359 1948 1474 1996; x_wconf 77' lang='lat' dir='ltr'><em>solet,</em></span> <span class='ocrx_word' id='word_1_189' title='bbox 1494 1946 1551 1987; x_wconf 83' lang='lat' dir='ltr'><strong>ita</strong></span> <span class='ocrx_word' id='word_1_190' title='bbox 1578 1945 1708 1987; x_wconf 89' lang='lat' dir='ltr'><strong>omnis</strong></span> <span class='ocrx_word' id='word_1_191' title='bbox 1728 1961 1820 2002; x_wconf 85' lang='lat' dir='ltr'><strong>spes</strong></span> 
     </span>
     <span class='ocr_line' id='line_1_28' title="bbox 382 2012 1819 2069; baseline -0.001 -13"><span class='ocrx_word' id='word_1_192' title='bbox 382 2015 593 2056; x_wconf 86' lang='lat' dir='ltr'><strong>meliorum</strong></span> <span class='ocrx_word' id='word_1_193' title='bbox 615 2029 781 2069; x_wconf 87' lang='lat' dir='ltr'><strong>prorsus</strong></span> <span class='ocrx_word' id='word_1_194' title='bbox 800 2012 999 2053; x_wconf 86' lang='lat' dir='ltr'><strong>aboletur.</strong></span> <span class='ocrx_word' id='word_1_195' title='bbox 1022 2014 1061 2053; x_wconf 85' lang='lat' dir='ltr'><strong>h.</strong></span> <span class='ocrx_word' id='word_1_196' title='bbox 1075 2028 1110 2053; x_wconf 89' lang='lat' dir='ltr'><strong>e.</strong></span> <span class='ocrx_word' id='word_1_197' title='bbox 1127 2028 1191 2053; x_wconf 89' lang='lat' dir='ltr'><strong>res</strong></span> <span class='ocrx_word' id='word_1_198' title='bbox 1206 2027 1411 2068; x_wconf 82' lang='lat' dir='ltr'><strong>prosperae</strong></span> <span class='ocrx_word' id='word_1_199' title='bbox 1429 2013 1471 2053; x_wconf 88' lang='lat' dir='ltr'><strong>in</strong></span> <span class='ocrx_word' id='word_1_200' title='bbox 1491 2013 1682 2054; x_wconf 86' lang='lat' dir='ltr'><strong>adversas</strong></span> <span class='ocrx_word' id='word_1_201' title='bbox 1698 2013 1819 2068; x_wconf 89' lang='lat' dir='ltr'><strong>longe</strong></span> 
     </span>
     <span class='ocr_line' id='line_1_29' title="bbox 381 2078 1820 2135; baseline -0.001 -14"><span class='ocrx_word' id='word_1_202' title='bbox 381 2080 541 2121; x_wconf 79' lang='lat' dir='ltr'><strong>facilius</strong></span> <span class='ocrx_word' id='word_1_203' title='bbox 569 2089 797 2129; x_wconf 81' lang='lat' dir='ltr'><strong>mutantur,</strong></span> <span class='ocrx_word' id='word_1_204' title='bbox 829 2094 952 2133; x_wconf 86' lang='lat' dir='ltr'><strong>quam</strong></span> <span class='ocrx_word' id='word_1_205' title='bbox 983 2078 1023 2119; x_wconf 88' lang='lat' dir='ltr'><strong>in</strong></span> <span class='ocrx_word' id='word_1_206' title='bbox 1054 2093 1270 2135; x_wconf 87' lang='lat' dir='ltr'><strong>prosperas</strong></span> <span class='ocrx_word' id='word_1_207' title='bbox 1298 2079 1505 2126; x_wconf 85' lang='lat' dir='ltr'><strong>adversae;</strong></span> <span class='ocrx_word' id='word_1_208' title='bbox 1555 2090 1680 2134; x_wconf 87' lang='lat' dir='ltr'><strong>atque</strong></span> <span class='ocrx_word' id='word_1_209' title='bbox 1709 2079 1820 2120; x_wconf 81' lang='lat' dir='ltr'><strong>huno</strong></span> 
     </span>
     <span class='ocr_line' id='line_1_30' title="bbox 384 2145 1820 2201; baseline -0.001 -14"><span class='ocrx_word' id='word_1_210' title='bbox 384 2161 520 2187; x_wconf 90' lang='lat' dir='ltr'><strong>rerum</strong></span> <span class='ocrx_word' id='word_1_211' title='bbox 559 2146 819 2187; x_wconf 87' lang='lat' dir='ltr'><strong>adversarum</strong></span> <span class='ocrx_word' id='word_1_212' title='bbox 856 2154 1006 2186; x_wconf 87' lang='lat' dir='ltr'><strong>statum</strong></span> <span class='ocrx_word' id='word_1_213' title='bbox 1047 2145 1177 2201; x_wconf 88' lang='lat' dir='ltr'><strong>magis</strong></span> <span class='ocrx_word' id='word_1_214' title='bbox 1215 2145 1395 2201; x_wconf 82' lang='lat' dir='ltr'><strong>deploro,</strong></span> <span class='ocrx_word' id='word_1_215' title='bbox 1429 2160 1552 2200; x_wconf 89' lang='lat' dir='ltr'><strong>quam</strong></span> <span class='ocrx_word' id='word_1_216' title='bbox 1593 2145 1820 2186; x_wconf 84' lang='lat' dir='ltr'><strong>instabilem</strong></span> 
     </span>
     <span class='ocr_line' id='line_1_31' title="bbox 385 2210 1822 2268; baseline -0.001 -15"><span class='ocrx_word' id='word_1_217' title='bbox 385 2213 663 2268; x_wconf 83' lang='lat' dir='ltr'><strong>prosperitatis</strong></span> <span class='ocrx_word' id='word_1_218' title='bbox 692 2211 977 2252; x_wconf 88' lang='lat' dir='ltr'><strong>conditionem.</strong></span> <span class='ocrx_word' id='word_1_219' title='bbox 1037 2211 1127 2262; x_wconf 87' lang='lat' dir='ltr'><strong>Vel,</strong></span> <span class='ocrx_word' id='word_1_220' title='bbox 1159 2212 1191 2251; x_wconf 86' lang='lat' dir='ltr'><strong>si</strong></span> <span class='ocrx_word' id='word_1_221' title='bbox 1220 2211 1348 2252; x_wconf 85' lang='lat' dir='ltr'><strong>mavis</strong></span> <span class='ocrx_word' id='word_1_222' title='bbox 1376 2227 1469 2252; x_wconf 84' lang='lat' dir='ltr'><strong>cum</strong></span> <span class='ocrx_word' id='word_1_223' title='bbox 1501 2211 1672 2252; x_wconf 87' lang='lat' dir='ltr'><strong>Butlero</strong></span> <span class='ocrx_word' id='word_1_224' title='bbox 1700 2210 1822 2251; x_wconf 89' lang='lat' dir='ltr'><strong>inter-</strong></span> 
     </span>
     <span class='ocr_line' id='line_1_32' title="bbox 384 2278 1821 2335; baseline -0.002 -15"><span class='ocrx_word' id='word_1_225' title='bbox 384 2279 550 2335; x_wconf 87' lang='lat' dir='ltr'><strong>pretari,</strong></span> <span class='ocrx_word' id='word_1_226' title='bbox 571 2280 698 2320; x_wconf 82' lang='lat' dir='ltr'><strong>multo</strong></span> <span class='ocrx_word' id='word_1_227' title='bbox 716 2280 855 2334; x_wconf 70' lang='lat' dir='ltr'><strong>magis</strong></span> <span class='ocrx_word' id='word_1_228' title='bbox 874 2278 1038 2331; x_wconf 78' lang='lat' dir='ltr'><strong>deploro</strong></span> <span class='ocrx_word' id='word_1_229' title='bbox 1056 2284 1207 2319; x_wconf 81' lang='lat' dir='ltr'><strong>statum</strong></span> <span class='ocrx_word' id='word_1_230' title='bbox 1227 2292 1367 2318; x_wconf 81' lang='lat' dir='ltr'><strong>rerum</strong></span> <span class='ocrx_word' id='word_1_231' title='bbox 1386 2278 1677 2325; x_wconf 71' lang='lat' dir='ltr'><strong>humanarum,</strong></span> <span class='ocrx_word' id='word_1_232' title='bbox 1698 2291 1821 2333; x_wconf 79' lang='lat' dir='ltr'><strong>quam</strong></span> 
     </span>
     <span class='ocr_line' id='line_1_33' title="bbox 385 2343 1821 2399; baseline -0.002 -13"><span class='ocrx_word' id='word_1_233' title='bbox 385 2346 535 2387; x_wconf 80' lang='lat' dir='ltr'><strong>coedem</strong></span> <span class='ocrx_word' id='word_1_234' title='bbox 550 2345 652 2385; x_wconf 72' lang='lat' dir='ltr'><strong>mihi</strong></span> <span class='ocrx_word' id='word_1_235' title='bbox 667 2345 959 2384; x_wconf 74' lang='lat' dir='ltr'><strong>imminentem.</strong></span> <span class='ocrx_word' id='word_1_236' title='bbox 1020 2343 1202 2384; x_wconf 84' lang='lat' dir='ltr'><strong>Pictores</strong></span> <span class='ocrx_word' id='word_1_237' title='bbox 1221 2344 1273 2384; x_wconf 87' lang='lat' dir='ltr'><strong>ad</strong></span> <span class='ocrx_word' id='word_1_238' title='bbox 1295 2343 1446 2384; x_wconf 85' lang='lat' dir='ltr'><strong>tabulae</strong></span> <span class='ocrx_word' id='word_1_239' title='bbox 1466 2353 1621 2399; x_wconf 88' lang='lat' dir='ltr'><strong>partem</strong></span> <span class='ocrx_word' id='word_1_240' title='bbox 1642 2343 1821 2398; x_wconf 85' lang='lat' dir='ltr'><strong>aliquam</strong></span> 
     </span>
     <span class='ocr_line' id='line_1_34' title="bbox 384 2409 1820 2467; baseline -0.003 -14"><span class='ocrx_word' id='word_1_241' title='bbox 384 2427 523 2453; x_wconf 84' lang='lat' dir='ltr'><strong>recens</strong></span> <span class='ocrx_word' id='word_1_242' title='bbox 549 2410 701 2467; x_wconf 86' lang='lat' dir='ltr'><strong>pictam</strong></span> <span class='ocrx_word' id='word_1_243' title='bbox 728 2409 941 2450; x_wconf 89' lang='lat' dir='ltr'><strong>delendam</strong></span> <span class='ocrx_word' id='word_1_244' title='bbox 973 2409 1141 2464; x_wconf 82' lang='lat' dir='ltr'><strong>spongia</strong></span> <span class='ocrx_word' id='word_1_245' title='bbox 1171 2410 1406 2451; x_wconf 86' lang='lat' dir='ltr'><strong>utebantur.</strong></span> <span class='ocrx_word' id='word_1_246' title='bbox 1436 2410 1584 2465; x_wconf 87' lang='lat' dir='ltr'><strong>Eurip.</strong></span> <span class='ocrx_word' id='word_1_247' title='bbox 1606 2409 1702 2450; x_wconf 85' lang='lat' dir='ltr'><strong>Hel.</strong></span> <span class='ocrx_word' id='word_1_248' title='bbox 1726 2421 1820 2463; x_wconf 90' lang='lat'>270.</span> 
     </span>
     <span class='ocr_line' id='line_1_35' title="bbox 387 2475 1821 2531; baseline -0.003 -11"><span class='ocrx_word' id='word_1_249' title='bbox 387 2478 452 2520; x_wconf 77' lang='grc' dir='ltr'>εἶτ’</span> <span class='ocrx_word' id='word_1_250' title='bbox 476 2475 752 2530; x_wconf 79' lang='grc' dir='ltr'>ἐξαλειφθεῖσ’,</span> <span class='ocrx_word' id='word_1_251' title='bbox 775 2477 825 2519; x_wconf 81' lang='grc' dir='ltr'><strong>ὣς</strong></span> <span class='ocrx_word' id='word_1_252' title='bbox 854 2477 1011 2529; x_wconf 63' lang='grc' dir='ltr'>ἄγαλμ”.</span> <span class='ocrx_word' id='word_1_253' title='bbox 1038 2476 1109 2517; x_wconf 91' lang='lat' dir='ltr'><strong>ubi</strong></span> <span class='ocrx_word' id='word_1_254' title='bbox 1129 2477 1346 2518; x_wconf 84' lang='lat' dir='ltr'><strong>Jacobsius</strong></span> <span class='ocrx_word' id='word_1_255' title='bbox 1371 2476 1468 2518; x_wconf 86' lang='lat' dir='ltr'><strong>citat</strong></span> <span class='ocrx_word' id='word_1_256' title='bbox 1489 2477 1600 2518; x_wconf 87' lang='lat' dir='ltr'><strong>Pelei</strong></span> <span class='ocrx_word' id='word_1_257' title='bbox 1618 2476 1821 2531; x_wconf 86' lang='lat' dir='ltr'><strong>fragmen-</strong></span> 
     </span>
     <span class='ocr_line' id='line_1_36' title="bbox 387 2542 1823 2596; baseline -0.002 -10"><span class='ocrx_word' id='word_1_258' title='bbox 387 2556 499 2592; x_wconf 89' lang='lat' dir='ltr'><strong>tum;</strong></span> <span class='ocrx_word' id='word_1_259' title='bbox 531 2544 614 2585; x_wconf 84' lang='grc' dir='ltr'><strong>Τὸν</strong></span> <span class='ocrx_word' id='word_1_260' title='bbox 633 2545 762 2594; x_wconf 86' lang='grc' dir='ltr'>ὄλβον</span> <span class='ocrx_word' id='word_1_261' title='bbox 787 2544 900 2585; x_wconf 79' lang='grc' dir='ltr'>οὐδὲν</span> <span class='ocrx_word' id='word_1_262' title='bbox 924 2544 1091 2595; x_wconf 79' lang='grc' dir='ltr'>οὐδαμοῦ</span> <span class='ocrx_word' id='word_1_263' title='bbox 1121 2545 1234 2596; x_wconf 89' lang='grc' dir='ltr'>κρίνω</span> <span class='ocrx_word' id='word_1_264' title='bbox 1262 2548 1431 2596; x_wconf 81' lang='grc' dir='ltr'>βροτοῖς,</span> <span class='ocrx_word' id='word_1_265' title='bbox 1456 2542 1537 2584; x_wconf 75' lang='lat' dir='ltr'><em>‘&#39;Ov</em></span> <span class='ocrx_word' id='word_1_266' title='bbox 1565 2542 1600 2596; x_wconf 81' lang='grc' dir='ltr'><strong>γ’</strong></span> <span class='ocrx_word' id='word_1_267' title='bbox 1623 2545 1823 2595; x_wconf 77' lang='grc' dir='ltr'>ἐξαλείφει</span> 
     </span>
     <span class='ocr_line' id='line_1_37' title="bbox 386 2608 1823 2665; baseline -0.002 -14"><span class='ocrx_word' id='word_1_268' title='bbox 386 2611 483 2664; x_wconf 75' lang='grc' dir='ltr'>ῥᾷον</span> <span class='ocrx_word' id='word_1_269' title='bbox 501 2609 524 2661; x_wconf 84' lang='grc' dir='ltr'>ἢ</span> <span class='ocrx_word' id='word_1_270' title='bbox 544 2609 688 2662; x_wconf 86' lang='grc' dir='ltr'>γράφει</span> <span class='ocrx_word' id='word_1_271' title='bbox 709 2610 806 2652; x_wconf 88' lang='grc' dir='ltr'>θεός.</span> <span class='ocrx_word' id='word_1_272' title='bbox 869 2608 1050 2664; x_wconf 83' lang='lat' dir='ltr'><strong>Spongia</strong></span> <span class='ocrx_word' id='word_1_273' title='bbox 1078 2608 1198 2649; x_wconf 88' lang='lat' dir='ltr'><strong>etiam</strong></span> <span class='ocrx_word' id='word_1_274' title='bbox 1227 2609 1468 2665; x_wconf 85' lang='lat' dir='ltr'><strong>scripturam</strong></span> <span class='ocrx_word' id='word_1_275' title='bbox 1492 2608 1707 2656; x_wconf 81' lang='lat' dir='ltr'><strong>delebant3</strong></span> <span class='ocrx_word' id='word_1_276' title='bbox 1740 2608 1823 2649; x_wconf 88' lang='lat' dir='ltr'><strong>vid.</strong></span> 
     </span>
     <span class='ocr_line' id='line_1_38' title="bbox 389 2674 1824 2729; baseline -0.002 -11"><span class='ocrx_word' id='word_1_277' title='bbox 389 2679 558 2718; x_wconf 86' lang='lat' dir='ltr'><strong>Sueton.</strong></span> <span class='ocrx_word' id='word_1_278' title='bbox 585 2678 696 2729; x_wconf 85' lang='lat' dir='ltr'><strong>Aug.</strong></span> <span class='ocrx_word' id='word_1_279' title='bbox 720 2687 758 2724; x_wconf 93' lang='grc'><strong>2,</strong></span> <span class='ocrx_word' id='word_1_280' title='bbox 781 2675 846 2728; x_wconf 88' lang='lat'><strong>85.</strong></span> <span class='ocrx_word' id='word_1_281' title='bbox 910 2674 1140 2716; x_wconf 87' lang='lat' dir='ltr'><strong>Videndum</strong></span> <span class='ocrx_word' id='word_1_282' title='bbox 1167 2683 1320 2725; x_wconf 87' lang='lat' dir='ltr'><strong>autem,</strong></span> <span class='ocrx_word' id='word_1_283' title='bbox 1342 2691 1391 2717; x_wconf 90' lang='lat' dir='ltr'><strong>an</strong></span> <span class='ocrx_word' id='word_1_284' title='bbox 1415 2690 1532 2716; x_wconf 83' lang='lat' dir='ltr'><strong>voces</strong></span> <span class='ocrx_word' id='word_1_285' title='bbox 1552 2677 1644 2716; x_wconf 87' lang='grc' dir='ltr'>σκία</span> <span class='ocrx_word' id='word_1_286' title='bbox 1662 2683 1702 2715; x_wconf 85' lang='lat' dir='ltr'><strong>et</strong></span> <span class='ocrx_word' id='word_1_287' title='bbox 1730 2691 1824 2727; x_wconf 91' lang='grc' dir='ltr'>γρα-</span> 
     </span>
     <span class='ocr_line' id='line_1_39' title="bbox 388 2741 1821 2798; baseline -0.001 -15"><span class='ocrx_word' id='word_1_288' title='bbox 388 2744 469 2796; x_wconf 93' lang='grc' dir='ltr'><strong>φήν</strong></span> <span class='ocrx_word' id='word_1_289' title='bbox 488 2742 608 2783; x_wconf 86' lang='lat' dir='ltr'><strong>dictae</strong></span> <span class='ocrx_word' id='word_1_290' title='bbox 628 2741 708 2782; x_wconf 86' lang='lat' dir='ltr'><strong>sint</strong></span> <span class='ocrx_word' id='word_1_291' title='bbox 727 2755 819 2782; x_wconf 90' lang='lat' dir='ltr'><strong>cum</strong></span> <span class='ocrx_word' id='word_1_292' title='bbox 840 2741 1018 2796; x_wconf 88' lang='lat' dir='ltr'><strong>quodam</strong></span> <span class='ocrx_word' id='word_1_293' title='bbox 1040 2753 1224 2798; x_wconf 86' lang='lat' dir='ltr'><strong>respectu</strong></span> <span class='ocrx_word' id='word_1_294' title='bbox 1244 2742 1297 2782; x_wconf 85' lang='lat' dir='ltr'><strong>ad</strong></span> <span class='ocrx_word' id='word_1_295' title='bbox 1319 2742 1521 2798; x_wconf 85' lang='lat' dir='ltr'><strong>pictorum</strong></span> <span class='ocrx_word' id='word_1_296' title='bbox 1543 2742 1821 2794; x_wconf 83' lang='grc' dir='ltr'>σκιαγραφίαν.</span> 
     </span>
     <span class='ocr_line' id='line_1_40' title="bbox 389 2807 1824 2862; baseline -0.002 -13"><span class='ocrx_word' id='word_1_297' title='bbox 389 2807 641 2849; x_wconf 83' lang='lat' dir='ltr'><strong>lamblichus</strong></span> <span class='ocrx_word' id='word_1_298' title='bbox 660 2807 702 2847; x_wconf 91' lang='lat' dir='ltr'><strong>in</strong></span> <span class='ocrx_word' id='word_1_299' title='bbox 724 2808 928 2862; x_wconf 87' lang='lat' dir='ltr'><strong>Protrept.</strong></span> <span class='ocrx_word' id='word_1_300' title='bbox 952 2822 990 2862; x_wconf 89' lang='lat' dir='ltr'><strong>p.</strong></span> <span class='ocrx_word' id='word_1_301' title='bbox 1011 2819 1078 2861; x_wconf 83' lang='lat'><strong>52.</strong></span> <span class='ocrx_word' id='word_1_302' title='bbox 1100 2807 1151 2848; x_wconf 86' lang='lat' dir='ltr'><strong>de</strong></span> <span class='ocrx_word' id='word_1_303' title='bbox 1171 2807 1254 2849; x_wconf 87' lang='lat' dir='ltr'><strong>vita</strong></span> <span class='ocrx_word' id='word_1_304' title='bbox 1272 2808 1465 2859; x_wconf 87' lang='lat' dir='ltr'><strong>humana,</strong></span> <span class='ocrx_word' id='word_1_305' title='bbox 1487 2807 1641 2861; x_wconf 86' lang='grc' dir='ltr'>εὑρήσει</span> <span class='ocrx_word' id='word_1_306' title='bbox 1661 2808 1753 2861; x_wconf 86' lang='grc' dir='ltr'>(τις)</span> <span class='ocrx_word' id='word_1_307' title='bbox 1775 2808 1824 2847; x_wconf 79' lang='grc' dir='ltr'><strong>τὰ</strong></span> 
     </span>
     <span class='ocr_line' id='line_1_41' title="bbox 388 2872 1822 2926; baseline -0.002 -10"><span class='ocrx_word' id='word_1_308' title='bbox 388 2877 574 2916; x_wconf 80' lang='grc' dir='ltr'>δοκοῦντα</span> <span class='ocrx_word' id='word_1_309' title='bbox 603 2872 700 2914; x_wconf 82' lang='grc' dir='ltr'>εἶναι</span> <span class='ocrx_word' id='word_1_310' title='bbox 726 2872 882 2926; x_wconf 88' lang='grc' dir='ltr'>μέγαλα</span> <span class='ocrx_word' id='word_1_311' title='bbox 911 2878 989 2916; x_wconf 84' lang='grc' dir='ltr'>τοῖς</span> <span class='ocrx_word' id='word_1_312' title='bbox 1020 2875 1245 2926; x_wconf 84' lang='grc' dir='ltr'>ἀνθρώποις,</span> <span class='ocrx_word' id='word_1_313' title='bbox 1267 2874 1394 2916; x_wconf 85' lang='grc' dir='ltr'>πάντα</span> <span class='ocrx_word' id='word_1_314' title='bbox 1423 2876 1518 2916; x_wconf 86' lang='grc' dir='ltr'>ὄντα</span> <span class='ocrx_word' id='word_1_315' title='bbox 1547 2873 1822 2926; x_wconf 83' lang='grc' dir='ltr'>σκιαγραφίαν.</span> 
     </span>
    </p>
   </div>
  </div>
 </body>
</html>
