1962 3224
623 189 713 230 AD
745 187 1187 230 CHOEPHORAS.
1557 180 1643 223 443

170 301 357 350 mebant,
380 310 427 342 ut
446 315 495 342 ea
513 300 587 357 qui
610 300 664 342 ad
684 299 902 356 exsequias
921 309 1091 341 venerat
1110 314 1154 339 se
1173 297 1451 354 adspergeret.
1482 294 1637 351 Eut-ip.

170 368 264 410 Alc.
287 369 356 423 98.
388 371 525 410 πυλῶν
553 368 744 422 πάροιθεν
774 367 806 410 δ’
828 368 905 422 οὐχ
933 369 1011 421 ὁρῶ
1036 366 1044 424 Ι
1069 371 1254 420 πηγαῖον,
1287 366 1340 408 ὧς
1370 364 1580 416 νομίζεται,
1607 361 1615 418 Ι

170 436 323 490 χέρνιβ’
346 437 423 478 ἐπὶ
455 439 606 490 φθιτῶν
641 437 795 480 πύλαις.
859 435 944 477 Hic
981 450 1079 476 vero
1112 449 1264 491 aquam
1301 432 1413 474 illam
1453 431 1639 481 denotat,

168 504 289 560 cujus
308 504 349 544 in
372 504 654 560 parentalibus
681 503 888 545 sacrificiis
919 519 1019 545 usus
1048 512 1149 554 erat,
1170 501 1271 543 alias
1299 502 1445 555 χθόνια
1473 498 1638 552 λουτρά.

170 571 434 613 Dioscorides
464 572 639 614 Anthol.
669 586 711 628 3,
739 586 801 628 13.
834 571 967 613 Ἀλλὰ
999 572 1254 624 περιστείλας
1284 586 1333 622 με
1368 569 1475 610 δίδου
1509 566 1640 621 χθονί,

169 639 256 691 μηδ’
298 641 362 681 ἐπὶ
402 643 524 696 νεκρῷ
565 643 721 694 Λουτρὰ
761 640 870 697 χέῃς.
936 639 1164 681 Enimvero
1202 637 1391 693 χέρνιβες
1430 651 1535 692 quas
1575 634 1642 675 hic

170 708 347 749 effundit
372 708 555 758 Electra,
583 709 691 750 idem
724 718 822 750 sunt
851 724 900 749 ac
929 710 1078 761 λουτρὰ
1108 706 1178 748 illa
1208 722 1305 763 quae
1332 704 1446 762 apud
1482 703 1643 760 Sopho-

169 775 290 826 clem,
312 776 454 817 eadem
485 776 709 828 occasione,
731 776 859 818 sorori
892 792 979 818 suae
1000 773 1342 833 Chrysothemidi
1372 789 1425 815 ne
1454 771 1644 814 effundat

171 845 317 886 suadet
354 861 394 886 v.
426 857 522 901 432.
565 845 697 894 Ἀλλ’,
735 844 765 886 ὦ
801 846 915 899 φίλη,
952 845 1102 886 τούτων
1134 843 1222 896 μέν,
1257 845 1312 884 ὧν
1347 843 1453 896 ἔχεις
1490 845 1641 895 χεροῖν,

170 915 320 969 Τύμβῳ
350 913 564 970 προσάψῃς
593 913 728 966 μηδέν,
761 913 806 954 οὗ
832 913 909 967 γάρ
944 930 1011 954 σοι
1045 912 1168 965 θέμις,
1203 910 1298 953 Οὐδ’
1335 911 1463 957 ὅσων,
1501 910 1645 963 ἐχθρᾶς

173 983 251 1023 ἀπὸ
281 982 467 1035 γυναικὸς
498 982 654 1023 ἱστάναι
676 979 926 1034 Κτερίσματ’,
948 981 1037 1022 οὐδὲ
1066 982 1215 1033 λουτρὰ
1241 977 1488 1033 προσφέρειν
1511 977 1643 1030 πατρί.

174 1051 398 1091 STANL.

231 1124 393 1173 βροτοῖς
414 1120 479 1160 Μ.
502 1119 612 1160 Rob.
638 1118 782 1174 Steph.
805 1122 942 1170 βοτοῖς
963 1116 1107 1159 Guelf.
1125 1116 1229 1158 Ald.
1247 1117 1386 1157 Turn.
1407 1132 1471 1168 γρ.
1494 1116 1646 1166 νεκροῖς

172 1187 425 1245 adscriptum
455 1187 498 1228 in
520 1186 666 1228 Guelf.
689 1196 730 1227 et
754 1186 820 1227 M.
880 1187 987 1236 Quae
1020 1184 1082 1226 vel
1111 1184 1350 1241 conjectura
1378 1181 1535 1224 librarii
1565 1191 1643 1231 est,

173 1267 283 1297 recte
311 1253 677 1297 animadvertentis
707 1254 895 1310 ineptum
926 1268 1012 1294 esse
1032 1257 1205 1306 βροτοῖς,
1227 1251 1291 1293 vel
1311 1251 1516 1308 glossema
1535 1264 1644 1291 verae

174 1323 371 1374 lectionis,
402 1338 528 1379 quam
563 1324 834 1363 Hermannus
868 1320 1048 1362 restituit
1082 1321 1124 1361 in
1162 1320 1339 1361 Observ.
1370 1319 1462 1360 crit.
1495 1334 1537 1375 p.
1571 1319 1643 1373 63.

174 1395 342 1445 φθιτοῖς.
406 1391 473 1432 Sic
509 1391 551 1431 in
586 1391 702 1431 Pers.
737 1402 834 1431 220.
870 1390 1054 1442 δεύτερον
1090 1390 1132 1430 δὲ
1166 1388 1243 1442 χρὴ
1277 1390 1377 1443 χοὰς
1411 1389 1462 1444 γῇ
1498 1403 1542 1427 τε
1583 1385 1647 1427 καὶ

174 1463 329 1514 φθιτοῖς
347 1459 533 1514 χέασθαι.
555 1468 596 1499 et
617 1470 714 1512 523.
736 1458 871 1499 ἔπειτα
895 1460 947 1513 γῇ
976 1474 1020 1499 τε
1051 1457 1114 1498 καὶ
1144 1460 1299 1509 φθιτοῖς
1329 1455 1536 1509 δωρήματα
1564 1452 1645 1505 ἥξω

173 1531 363 1579 λαβοῦσα
381 1526 559 1568 πέλανον
581 1528 622 1577 ἐξ
644 1528 760 1567 οἴκων
781 1527 899 1577 ἐμῶν.
943 1524 1141 1566 Similiter
1160 1523 1408 1580 interpolata
1430 1521 1648 1577 Euripidis

175 1595 301 1636 verba
328 1604 424 1635 sunt
446 1595 576 1635 Herc.
598 1593 678 1634 fur.
696 1607 796 1647 491.
829 1595 866 1634 εἴ
893 1610 949 1636 τις
978 1594 1162 1646 φθόγγον
1193 1593 1467 1633 εἶσακούσεται
1495 1593 1646 1642 θνητῶν

174 1662 263 1717 παρ’
290 1662 422 1715 Ἀιδῃ.
457 1662 528 1704 ubi
564 1672 674 1703 recte
709 1661 935 1703 Elmsleius
970 1664 1123 1715 φθιτῶν
1156 1659 1349 1702 restituit.
1390 1657 1646 1715 Hesychius,

177 1732 332 1786 φθιτοί;
366 1731 548 1785 φθαρτοὶ,
571 1730 721 1782 θνητοὶ,
744 1730 887 1783 νεκροί·
919 1727 943 1781 ἢ
966 1731 1127 1771 εἴδωλα.

239 1813 332 1856 130.
354 1798 508 1854 πατέρ’]
529 1798 653 1851 πάτερ
675 1797 788 1838 Rob.

239 1881 333 1923 131.
366 1865 606 1908 Delendum
636 1880 795 1906 comma
825 1875 919 1922 post
945 1863 1144 1917 Ὀρέστην
1174 1863 1371 1920 positum,
1392 1872 1487 1919 post
1516 1864 1650 1916 δόμοις

178 1945 316 1977 autem
351 1934 516 1990 signum
549 1932 832 1988 interrogandi
869 1933 1124 1988 ponendum.
1185 1931 1429 1973 Accusativi
1460 1932 1586 1984 φίλον
1614 1930 1649 1971 τ’

176 2003 375 2056 Ὀρέστην
398 2016 482 2043 non
511 2016 607 2043 cum
639 2002 894 2054 ἑποίκτειρον,
917 2000 989 2042 sed
1018 2015 1115 2041 cum
1146 1999 1344 2051 ἀνάξομεν
1368 1997 1648 2040 construendi.

179 2071 376 2123 ἀνάξομεν
406 2070 599 2111 futurum
634 2080 696 2110 est
727 2067 842 2110 verbi
871 2067 1047 2121 ἀνάγειν.
1109 2066 1311 2109 Absurde
1346 2066 1564 2108 scholiasta
1596 2066 1651 2108 ab

179 2139 376 2181 ἀνάσσειν
394 2137 627 2180 derivatum
650 2151 725 2193 per
743 2136 1046 2188 βασιλεύσομεν
1063 2142 1125 2176 est
1144 2135 1454 2191 interpretatus.

242 2221 334 2263 132.
365 2205 609 2260 πεπραμένοι
630 2204 918 2246 casaubonus.
952 2202 1223 2256 πεπραγμένοι
1249 2202 1356 2254 libri,
1379 2202 1494 2259 quod
1523 2202 1652 2244 schol.

179 2276 477 2332 interpretatur
507 2272 765 2325 νενικημένοι,
799 2270 1148 2325 κατηγωνισμένοι.
1211 2275 1240 2294 “
1263 2270 1383 2312 Infra
1409 2282 1505 2326 915.
1538 2273 1654 2325 διχῶς

182 2343 369 2397 ἐπράθην,
401 2341 457 2383 ὢν
488 2341 700 2394 ἐλευθέρου
730 2341 890 2392 πατρός.
923 2337 1117 2395 Sophocl.
1149 2337 1259 2380 Phil.
1282 2339 1381 2393 978.
1412 2340 1544 2391 Οἵμοι,
1576 2338 1651 2381 πέ-

181 2427 344 2464 πραμαι,
366 2408 580 2451 κάπόλωλ’.
605 2410 709 2450 Ant.
732 2421 810 2463 103
814 2418 853 2463 5.
880 2406 1181 2459 Ἐξημπόλημαι
1212 2407 1552 2460 κάκπεφόρτισμαι
1581 2406 1655 2448 πά-

183 2483 267 2518 λαι.
320 2478 389 2518 Ita
407 2477 493 2518 fere
512 2491 588 2517 nos
609 2475 756 2532 Angli,
780 2482 806 2500 “
823 2475 980 2530 bought
998 2475 1087 2516 and
1104 2475 1218 2516 soff
1236 2474 1264 2516 i.
1283 2489 1318 2516 e.
1340 2474 1495 2517 traditi.
1544 2475 1653 2516 Mox

183 2545 372 2597 ἀλώμεθα
390 2543 495 2584 Ald.
519 2544 632 2585 Rob.
657 2543 822 2585 Turn.”
854 2544 1086 2584 BLOMF.

247 2613 340 2667 136.
364 2612 540 2666 φεύγων]
566 2613 732 2665 φεύγειν
753 2612 820 2652 M.
844 2609 988 2652 Guelf.
1010 2609 1141 2651 codex
1163 2609 1397 2651 Robortelli
1418 2621 1460 2651 et
1480 2610 1582 2652 Ald.

248 2693 262 2720 Ι
269 2690 340 2734 37.
360 2677 486 2732 μέγα]
507 2678 608 2729 μέτα
628 2679 694 2720 Μ.
720 2679 865 2720 Guelf.
890 2677 993 2719 Ald.
1016 2678 1130 2719 Rob.

245 2759 338 2799 144.
371 2746 499 2801 δίκην]
535 2745 811 2786 Scribendum
841 2746 927 2801 δίκῃ
957 2759 1052 2785 cum
1083 2745 1140 2785 Is.
1163 2744 1321 2795 vossio,
1345 2744 1421 2785 nisi
1447 2759 1525 2800 pro
1548 2745 1651 2786 ἀντι-

185 2817 394 2855 κατθανεῖν
414 2812 529 2854 aliud
550 2812 646 2853 olim
671 2812 842 2853 verbum
864 2811 1017 2853 lectum
1038 2811 1136 2852 fuit.
1199 2811 1319 2852 Idem
1347 2811 1522 2868 conjecit
1543 2813 1655 2854 Her-

186 2897 380 2932 mannus,
403 2881 474 2922 sed
505 2881 806 2922 ἀντικατθανεῖν
825 2879 866 2920 in
898 2880 1222 2921 ἀντικατακανεῖν
1242 2890 1417 2932 mutato,
1437 2892 1654 2937 praeeunte

189 2950 253 2990 M.
284 2949 406 3005 cujus
438 2948 480 2989 in
513 2947 699 3004 margine
729 2956 917 2989 notatum
951 2964 1014 3000 γρ.
1050 2948 1408 2995 ἀντικατακτανεῖν,
1439 2947 1493 2990 ad
1528 2963 1655 3005 quam

861 3028 885 3070 3
911 3029 937 3055 x
964 3027 988 3057 2
