1962 3224
375 206 459 275 492
842 205 1338 247 ANNOTATIONES

434 315 530 368 815.
553 314 644 355 Aut
662 313 703 355 in
725 314 892 370 stropha
910 314 1102 355 deficiunt
1122 313 1327 369 quaedam,
1344 323 1415 354 aut
1435 312 1625 368 quaedam
1644 312 1685 352 in
1706 311 1809 352 anti-

377 381 544 436 stropha
572 380 819 422 redundant.
870 382 998 422 Voces
1026 382 1159 422 πολλὰ
1188 381 1218 420 δ’
1238 381 1347 421 ἄλλα
1365 383 1487 433 φανεῖ
1508 378 1659 436 χρῄζων
1679 376 1807 431 κρύπτ’

377 447 608 502 glossatoris
627 462 711 488 esse
724 447 884 503 judicat
906 448 1186 496 Hermannus,
1203 446 1314 501 quod
1336 445 1433 486 mihi
1450 446 1616 501 quidem
1638 445 1706 485 vix
1727 459 1812 486 cre-

378 514 502 555 dibile
531 514 707 554 videtur.
769 513 974 555 Seidlerus
1002 512 1054 553 de
1080 513 1211 553 Verss.
1243 512 1418 553 Dochm.
1449 527 1488 567 p.
1508 521 1603 565 407.
1634 510 1809 565 conjicit,

378 583 512 622 πολλᾶ
528 581 613 632 μὲν,
636 581 811 621 ἄσκοπον
831 580 860 621 δ’
884 581 974 623 ἔπος
993 579 1135 632 λέγων.
1167 580 1392 620 BLOMF.
1444 578 1682 628 Scholiasta,
1703 580 1751 618 τὰ
1770 579 1813 618 δὲ

380 649 525 699 κρυπτὰ
558 651 627 688 νῦν
665 648 899 700 φανερώσει.
944 645 1117 689 ”Αλλως.
1159 651 1281 699 φανεῖ
1307 645 1453 699 χρῄζων
1487 645 1653 698 κρυπτάε
1685 645 1813 686 θέλων

379 715 512 754 πολλὰ
533 716 678 766 κρυπτὰ
698 713 863 766 εὑρήσει.
895 714 1030 754 Verba
1048 712 1117 753 illa
1135 721 1243 752 recte
1262 712 1378 767 ejecit
1399 713 1678 753 Hermannus.
1727 712 1812 752 La-

378 795 524 821 cunam
557 780 858 834 Bambergerus
886 780 915 820 l.
941 794 975 820 o.
1006 778 1061 819 sic
1090 778 1268 834 explevit
1301 782 1438 831 πρᾶξιν
1467 779 1600 830 οὐρίαν
1629 778 1756 819 θέλων
1780 777 1788 833 Ι

380 848 521 894 δόλιος,
544 847 718 887 ἄσκοπον
738 845 839 886 δ’-.

439 914 532 953 816.
555 911 682 965 κρύπτ’
705 912 909 953 Pauwius.
950 913 1094 964 κρυπτὰ
1114 910 1198 951 sine
1217 910 1379 952 elisione
1399 910 1504 951 libri.
1539 915 1742 963 κρυπταῖος
1762 926 1814 951 ex

381 980 445 1020 M.
466 979 650 1028 affertur,
671 993 744 1033 per
765 992 958 1027 errorem,
979 985 1025 1018 ut
1048 977 1222 1018 videtur.

437 1046 611 1087 ἄσκοπον
632 1044 662 1085 δ’
685 1045 778 1087 ἔπος
796 1044 945 1098 λέγων]
969 1045 1106 1095 Verte,
1127 1058 1219 1085 cum
1246 1043 1439 1094 Heathio⁷
1462 1044 1699 1086 Sermonem
1719 1057 1815 1084 vero

378 1118 502 1167 captu
531 1112 732 1167 difficilem
754 1112 989 1166 proferens,
1010 1117 1049 1152 et
1072 1117 1192 1152 noctu
1216 1111 1400 1152 tenebras
1428 1116 1524 1151 ante
1548 1110 1683 1152 oculos
1703 1125 1815 1166 prae-

363 1180 475 1234 sert,
502 1184 540 1219 et
568 1179 754 1218 interdiu
788 1176 885 1229 (καθ’
914 1177 1061 1230 ἡμέραν
1085 1177 1135 1230 τ’)
1170 1178 1277 1218 m‘lzil
1304 1183 1363 1218 est
1391 1177 1648 1218 luculentior.
1707 1178 1815 1218 Haeo

379 1245 576 1301 respicere
605 1254 725 1301 putat
752 1244 958 1285 Heathius
983 1243 1188 1300 Apollinis
1214 1245 1422 1285 oraculum
1446 1244 1533 1299 jam
1564 1258 1688 1299 supra
1715 1243 1815 1287 rela-

379 1321 469 1355 tum
503 1315 598 1368 263.
622 1327 681 1367 sq.
714 1313 944 1353 BLOMF.
1005 1312 1086 1362 Qui
1106 1312 1194 1354 haec
1214 1312 1265 1353 de
1285 1311 1482 1368 Apolline
1509 1311 1731 1353 intellexit:
1763 1311 1817 1352 de

382 1380 593 1421 Mercurio
614 1379 837 1421 scholiasta.

439 1448 533 1500 817.
560 1445 691 1501 φέρει]
724 1446 838 1499 φέροι
867 1447 1031 1487 Portus.
1076 1445 1210 1488 νυκτὸς
1241 1443 1495 1497 προύμμάτων
1527 1446 1668 1485 σκότον
1703 1443 1819 1497 φέροι

382 1514 684 1568 Bambergerus
703 1513 730 1554 l.
752 1529 785 1553 c.
807 1528 848 1568 p.
868 1515 964 1568 567.

441 1581 533 1622 818.
557 1579 587 1621 δ’
607 1595 687 1621 om.
711 1579 854 1621 Guelf.
876 1580 976 1620 Ald.
1000 1580 1137 1620 Turn.

439 1648 569 1701 οὐδὲν]
603 1647 731 1688 οὐδενὶ
757 1647 865 1688 Rob.
910 1645 992 1698 μεθ’
1022 1646 1168 1698 ἡμέραν
1197 1643 1668 1699 οὐδὲν-Βεωὺθτὲεωε
1696 1641 1818 1684 dubi-

383 1724 528 1756 tanter.

440 1783 541 1823 Post
562 1797 598 1822 v.
614 1784 706 1822 818.
723 1780 964 1837 repetendos
981 1795 1064 1822 esse
1079 1793 1217 1820 versus
1234 1778 1422 1820 806—81
1434 1791 1470 1818 1.
1488 1792 1611 1832 supra
1625 1775 1816 1816 diximus.

441 1850 677 1903 819-837,
700 1850 865 1889 Horum
886 1862 1077 1888 versuum
1105 1845 1303 1901 scriptura
1322 1843 1478 1885 lacunis
1497 1841 1818 1899 corruptelisque

382 1917 440 1958 ita
457 1926 518 1957 est
538 1916 703 1957 turbata
722 1925 770 1956 ut
790 1914 948 1956 restitui
968 1914 1009 1954 in
1030 1914 1234 1968 integrum
1265 1911 1316 1952 ab
1336 1910 1560 1951 editoribus
1585 1924 1666 1950 non
1695 1917 1817 1965 potu-

383 1983 504 2033 erint,
525 1997 701 2038 quorum
723 1982 969 2037 conjecturae
998 1995 1049 2021 ne
1077 1979 1284 2020 minimam
1305 1977 1472 2033 quidem
1498 1977 1651 2017 habent
1670 1976 1819 2017 verita-

384 2049 435 2090 tis
453 2049 640 2106 speciem.

442 2117 536 2170 819.
570 2116 631 2156 καὶ
650 2116 738 2156 τότε
759 2115 804 2165 δὴ
823 2116 993 2155 πλοῦτον
1011 2113 1104 2154 libri
1133 2112 1333 2154 universi:
1365 2110 1494 2152 facilis
1521 2118 1607 2151 erat
1626 2109 1821 2151 correctio

383 2181 461 2224 τότ’
482 2182 566 2234 ἤδη.
614 2182 753 2222 Prom.
787 2181 883 2235 946.
914 2180 1058 2232 πατρὸς
1087 2178 1117 2220 δ’
1149 2181 1223 2232 ἆρὰ
1250 2179 1401 2231 Κρόνου
1420 2177 1496 2218 τότ’
1523 2177 1594 2229 ἤδη
1619 2181 1822 2220 παντελῶς

385 2249 654 2302 κρανθήσεται.
691 2247 815 2297 Quod
836 2246 961 2302 vulgo
980 2246 1142 2301 legitur,
1157 2249 1343 2295 πλοῦτον,
1364 2244 1577 2284 manifesto
1595 2243 1819 2284 absurdum

384 2326 461 2365 est,
483 2323 523 2355 et
543 2308 673 2355 metro
695 2312 958 2354 contrarium.
1018 2311 1187 2353 Correxi
1218 2312 1358 2359 πολύν,
1379 2310 1479 2351 dum
1508 2310 1664 2366 aliquid
1693 2310 1822 2366 magis

385 2381 596 2439 probabile
625 2379 869 2428 inveniatur,
901 2378 984 2419 sive
1014 2378 1312 2420 substantivum
1347 2377 1410 2428 sit,
1440 2377 1523 2418 sive
1553 2376 1823 2432 adjectivum;

386 2448 512 2490 πολὺν
546 2448 665 2498 νόμον
695 2444 916 2497 μεθήσομεν
947 2444 1042 2486 satis
1075 2445 1230 2501 poetice
1264 2443 1437 2491 dicitur;
1470 2443 1619 2499 Eurip.
1646 2443 1822 2499 Hippol.

391 2515 513 2570 1196.
541 2514 688 2554 Ἔνθεν
717 2528 774 2554 τις
807 2512 903 2565 ἠχὼ,
934 2513 1090 2565 χθόνιος
1120 2512 1170 2555 ὡς
1197 2510 1345 2563 βροντὴ
1377 2509 1484 2557 Διὸς,
1515 2509 1644 2562 Βαρὺν
1671 2509 1824 2561 βρόμον

387 2575 539 2634 μεθῆκε.
561 2579 787 2619 BLOMF.
821 2579 975 2618 Forsan
991 2577 1208 2634 legendum
1227 2577 1288 2619 καὶ
1307 2575 1381 2616 τότ’
1402 2575 1472 2627 ἤδη
1491 2574 1625 2615 πάλιν.
1658 2575 1822 2615 IDEM

388 2648 430 2688 in
451 2645 680 2687 Addendis.
714 2644 951 2694 Scholiasta,
974 2645 1036 2686 καὶ
1056 2643 1142 2685 τότε
1163 2644 1231 2695 δή;
1264 2645 1358 2683 ὅταν
1379 2643 1680 2694 ἀπαλλαγῶμεν.
1704 2644 1824 2681 πλοῦ-

388 2730 484 2754 τον;
516 2712 586 2753 τὸν
614 2714 786 2751 πλοῦτον
816 2715 892 2751 τῶν
922 2711 1105 2763 δωμάτων
1135 2711 1341 2762 ἐλεύθερον
1370 2711 1415 2760 τῇ
1446 2707 1560 2749 πόλει
1590 2707 1823 2760 μεθήσομεν.

388 2780 594 2831 λυτήριον;
627 2777 847 2829 ἐλεύθερον.
878 2780 948 2818 νῦν
967 2779 1042 2830 γὰρ
1061 2777 1135 2818 ὑπὸ
1156 2776 1352 2829 τυράννων
1373 2773 1682 2816 ἀποκέκλεισται.

447 2846 543 2888 821.
574 2843 838 2898 οὐριοστάτης]
860 2844 1060 2900 Prospere
1088 2844 1317 2884 institutus.
1366 2839 1530 2881 Allusio
1549 2849 1610 2882 est
1632 2839 1684 2882 ad
1705 2857 1822 2894 χορο-

389 2912 570 2958 στασίαν,
590 2923 714 2965 quam
736 2908 940 2952 ducebant
958 2909 1209 2964 χοροστάται.
1240 2906 1467 2948 BLOMF.
