1962 3224
391 207 475 249 374
864 208 1356 249 ANNOTATIONES

391 333 510 358 versu
532 317 716 358 abutitur
736 319 897 358 Auctor
923 322 970 358 X.
994 323 1043 359 Π.
1067 334 1107 374 p.
1132 331 1195 371 72.
1217 318 1288 374 qui
1309 318 1428 360 etiam
1459 318 1598 373 adjicit
1622 321 1828 359 πεισθεῖσα

394 384 489 438 (hoc
509 399 559 425 ex
582 400 618 424 v.
639 385 756 440 59ι.)
779 388 830 441 τῷ
850 385 1010 438 φέροντι
1032 385 1223 426 θέσκελον
1243 385 1375 438 φάτιν.
1429 384 1611 425 Indicem
1632 384 1828 434 locorum,

392 451 542 505 quibus
576 451 728 491 abusus
758 460 817 491 est
852 453 1014 492 Auctor
1044 455 1093 492 X.
1127 455 1181 492 Π.
1218 451 1354 491 videas
1391 451 1431 490 in
1469 451 1639 491 Porsoni
1674 451 1826 506 Opusc.

393 532 434 572 p.
458 530 552 570 227.
574 517 639 557 ed.
665 517 820 558 Kidd.”
851 519 1080 558 BLOMF.

449 596 544 640 597.
578 586 798 640 κοιμῶντες]
834 587 962 626 Recte
986 585 1161 641 explicat
1182 585 1399 626 Butlerus:
1434 590 1459 609 “
1477 587 1614 626 Locus
1634 595 1694 626 est
1713 586 1829 626 intel-

392 651 581 707 ligendus
610 651 662 692 de
691 651 1046 692 acclamationibus
1079 652 1119 692 in
1152 652 1232 692 fine
1267 652 1589 693 sacrificii—duo
1618 653 1830 709 participia

393 717 532 773 itaque
551 718 592 758 h.
613 717 641 757 l.
665 718 1186 770 εὐφημοῦντες-κοιμῶντες
1206 718 1316 758 idem
1336 720 1470 759 valent
1490 719 1601 773 quod
1629 723 1831 770 κοιμῶντες

397 785 440 825 ἐν
462 785 729 836 εὐφημισμοῖς,
749 784 853 824 inter
873 784 1196 839 extinguendum
1219 784 1523 825 acclamantes.”
1553 786 1780 826 BLOMF.

455 852 549 905 603.
579 850 676 904 ἀπὸ]
712 851 748 891 Ι.
769 866 802 890 e.
824 849 846 900 ἢ
868 851 958 890 ἀπό.
1014 850 1080 890 Sic
1110 850 1257 906 Eurip.
1280 850 1435 891 Alcest.
1458 865 1552 905 900.
1573 853 1613 892 τί
1628 854 1703 904 γὰρ
1723 852 1832 904 ἀνδρὶ

398 916 515 956 κακὸν
533 917 676 967 μεῖζον,
699 919 884 968 ἁμαρτεῖν
904 919 1039 967 πιστῆς
1059 915 1207 969 ἀλόχου
1223 935 1231 962 ;
1270 917 1439 956 BLOM
1447 917 1496 956 F.

453 982 591 1035 ἄνδρα]
619 982 887 1023 Scribenduni
911 983 1018 1034 ἀνδρὶ
1038 997 1129 1022 cum
1154 981 1410 1023 Blomfieldo.

454 1050 549 1101 605.
583 1048 787 1103 ἐράσμιον]
814 1050 962 1089 Vocem
985 1049 1096 1104 apud
1118 1059 1272 1090 veteres
1298 1059 1437 1104 poetas
1458 1050 1524 1090 vix
1546 1049 1641 1090 alibi
1670 1050 1832 1091 invene-

397 1115 461 1156 ris.
525 1115 766 1165 Simonides,
788 1115 870 1156 sive
893 1115 985 1170 quis
1003 1114 1108 1156 alius
1129 1115 1336 1156 Simonide
1362 1117 1572 1166 recentior,
1593 1117 1679 1169 περὶ
1698 1133 1830 1170 γυναι-

400 1187 489 1231 κῶν,
517 1196 585 1236 51.
618 1184 723 1238 κείνῃ
747 1185 822 1235 ’γὰρ
852 1184 896 1223 οὔ
926 1199 961 1222 τι
991 1181 1125 1229 καλὸν,
1157 1181 1233 1222 οὐδ’
1264 1183 1449 1235 ἐφίμερον
1483 1181 1718 1235 Πρόσεστιν,
1745 1184 1833 1224 οὐδὲ

399 1250 576 1301 τερπνὸν,
609 1248 685 1289 οὐδ’
712 1247 912 1301 ἐράσμιον.
965 1248 1161 1304 Xenoph.
1195 1250 1335 1304 Symp.
1359 1249 1399 1298 8,
1420 1251 1489 1302 36.
1519 1252 1571 1303 τῷ
1600 1250 1670 1300 τὴν
1698 1250 1833 1303 ψυχὴν

401 1317 585 1371 ἐρασμίῳ.
618 1316 848 1356 BLOMF.

459 1383 552 1423 606.
586 1383 705 1436 εὕροι]
740 1383 1016 1423 Inventurum
1036 1395 1132 1423 esse.
1175 1381 1242 1422 De
1271 1381 1348 1423 hoc
1378 1397 1454 1423 usu
1480 1381 1650 1437 optativi
1674 1381 1714 1421 in
1745 1396 1833 1422 ora-

403 1448 510 1489 tione
529 1449 696 1503 obliqua
718 1464 755 1488 v.
777 1448 829 1489 ad
853 1448 980 1504 Soph.
1002 1447 1176 1489 Philoct.
1199 1450 1292 1501 617.

459 1517 554 1569 609.
590 1515 866 1569 σημαντήριον]
908 1516 1120 1571 Sigillum.
1158 1518 1357 1567 σφραγῖδα
1387 1518 1452 1566 τῆς
1485 1515 1580 1567 πρὸς
1612 1515 1681 1555 τὸν
1715 1516 1836 1567 ἄνδρα

404 1583 526 1631 εὐνῆς.
566 1581 687 1621 schol.
737 1581 928 1636 Euripidi
967 1581 1199 1633 σήμαντρον.
1246 1581 1340 1636 Iph.
1376 1582 1432 1621 T.
1465 1591 1585 1635 1372.
1621 1585 1761 1624 δεινοῖς
1793 1583 1834 1622 δὲ

402 1647 678 1700 σημάντροισιν
699 1649 1023 1700 ἐσφραγισμένοι.
1075 1648 1191 1688 Idem
1223 1648 1263 1688 in
1297 1647 1533 1703 Hypsipyle
1552 1663 1617 1703 ap.
1639 1648 1833 1689 Eustath.

400 1715 451 1755 ad
489 1715 541 1755 Il.
568 1719 619 1756 N.
651 1730 692 1770 p.
721 1727 818 1769 959,
847 1729 914 1770 43.
960 1717 1122 1766 εὔσημα,
1159 1716 1220 1756 καὶ
1255 1718 1319 1764 aa,
1358 1715 1419 1755 καὶ
1452 1714 1833 1766 κατεσφραγισμένα.

402 1782 630 1823 BLOMF.

457 1851 550 1890 611.
574 1848 649 1890 οὐδ’
672 1849 775 1903 οἶδα]
799 1850 866 1889 οὐκ
887 1849 971 1890 οἶδα
994 1848 1247 1889 Schuetzius.

458 1918 553 1958 612.
576 1919 726 1971 χαλκοῦ
743 1915 898 1969 βαφάς]
924 1916 1047 1956 AEris
1066 1916 1304 1955 tincturam.
1351 1915 1483 1956 Schol.
1505 1915 1636 1966 ὥσπερ
1657 1914 1724 1954 οὐκ
1751 1913 1837 1954 οἶδα

401 1985 468 2026 τὰς
482 1985 619 2036 βαφὰς
635 1986 702 2023 τοῦ
719 1982 889 2035 σιδήρου,
906 1983 1023 2025 οὕτως
1039 1982 1126 2022 οὐδὲ
1142 1982 1284 2033 ἡδονὴν
1301 1981 1431 2034 ἑτέρον
1445 1980 1593 2034 ἀνδρός.
1629 1980 1835 2021 Abresch-

401 2049 465 2090 ius
503 2049 808 2105 interpretatur,
839 2063 922 2090 non
953 2049 1092 2104 magis
1121 2049 1219 2088 ‘novi
1259 2049 1504 2104 voluptatem
1535 2063 1586 2089 ea·
1615 2048 1697 2089 alio
1731 2048 1836 2095 viro,

402 2131 523 2172 quam
544 2118 626 2156 scio
656 2118 751 2158 ceris
777 2117 1017 2164 tincturam,
1038 2114 1063 2155 i.
1085 2129 1118 2154 e.
1150 2129 1234 2154 rem
1262 2129 1355 2169 quae
1381 2115 1467 2156 fieri
1496 2115 1661 2170 nequit;
1694 2114 1772 2163 vel,
1805 2113 1836 2154 si

402 2185 548 2237 χαλκός
567 2183 740 2238 legatur,
762 2185 901 2238 magis
920 2197 1043 2238 qaam
1065 2196 1119 2221 ces
1140 2182 1388 2228 tincturam‚·
1420 2181 1573 2221 ferrum
1593 2180 1698 2222 enim
1729 2195 1837 2235 aqua

403 2250 573 2291 tinctum
611 2251 808 2301 στόμωσιν
842 2248 1001 2304 accipit,
1039 2262 1118 2288 non
1154 2247 1250 2288 item
1283 2263 1361 2294 aes3
1406 2247 1561 2289 etiamsi
1590 2246 1761 2288 Proclus
1795 2247 1835 2287 in

404 2317 574 2357 Hesiod.
608 2317 690 2371 Op.
723 2328 815 2368 142.
847 2324 886 2356 et
919 2314 1110 2355 Eustath.
1147 2313 1200 2354 ad
1228 2313 1346 2355 Iliad.
1384 2320 1431 2361 A,
1461 2315 1554 2368 236.
1584 2314 1752 2355 tradunt
1782 2330 1837 2355 aes

402 2384 514 2439 apud
551 2393 705 2424 veteres
736 2382 912 2423 calidum
947 2382 988 2422 in
1022 2395 1168 2435 aquam
1204 2380 1394 2435 frigidam
1432 2381 1666 2421 immersum
1697 2380 1836 2430 fuisse,

403 2465 488 2505 quo
517 2449 661 2491 durius
691 2450 820 2490 fieret.
883 2447 1103 2489 Schutzius
1138 2447 1272 2488 reddit
1309 2450 1459 2500 χαλκοῦ
1495 2447 1631 2500 βαφάς
1666 2447 1839 2487 vulnera

385 2517 516 2571 firro
539 2518 710 2573 inflicta,
732 2516 797 2557 cui
828 2515 991 2556 minime
1019 2515 1225 2556 assentior.
1284 2513 1481 2555 Butler-us
1500 2528 1597 2554 vero
1616 2514 1839 2554 tincturam

405 2586 514 2625 aeria.
549 2584 590 2624 h.
623 2599 658 2624 e.
691 2598 773 2639 qua
798 2584 959 2624 rati-one
987 2598 1046 2624 ces
1078 2585 1136 2624 ad
1163 2584 1300 2623 instar
1328 2582 1437 2621 lance
1465 2581 1633 2621 colorem
1665 2580 1839 2635 aliquem

404 2652 540 2692 bibat:
581 2661 621 2691 et
659 2650 871 2691 fatendum
912 2649 1076 2705 quidem
1116 2659 1177 2690 est
1213 2646 1348 2700 βαφάς
1385 2647 1425 2687 in
1465 2646 1613 2702 plurali
1652 2646 1704 2686 de
1735 2647 1839 2687 lanae

405 2719 582 2759 tinctura
615 2717 761 2759 usitate
801 2716 924 2772 poni;
957 2731 990 2756 e.
1017 2731 1058 2771 g.
1094 2730 1218 2772 supra
1253 2726 1347 2769 230.
1378 2713 1484 2757 infra
1520 2726 1614 2768 933.
1652 2711 1837 2767 Choeph.

410 2798 527 2826 1010.
578 2785 681 2827 τινὸς
710 2784 803 2837 πρὸς
833 2782 1176 2836 ἀνδρὸς-χαλκὸς
1196 2783 1358 2822 Auctor
1373 2784 1424 2821 X.
1442 2783 1496 2820 Π.
1513 2778 1622 2821 unde
1641 2777 1837 2832 aliquate-

406 2866 482 2892 nus
511 2852 697 2893 firmatur
727 2851 877 2892 Aurati
906 2849 1099 2891 correctio
1130 2847 1287 2903 χαλκός.
1350 2849 1450 2888 Post
1486 2847 1593 2887 hunc
1621 2859 1781 2886 versum
1815 2860 1839 2884 a

406 2932 523 2958 scena
559 2918 729 2959 discedit
769 2917 1093 2972 Clytaemnestra,
1135 2925 1175 2956 et
1220 2923 1357 2969 postea
1394 2927 1488 2954 cum
1529 2916 1838 2966 Agamemnone
