1962 3224
391 204 474 243 328
862 201 1361 244 ANNOTATIONES

448 323 513 366 27.
536 312 668 367 εὐνῆς]
691 314 807 364 εὐνὴν
827 313 881 354 G.
907 312 1004 354 Ald.

445 380 753 435 ἐπαντείλασαν]
768 379 1091 435 Exsurgentem.
1122 377 1282 419 Eadem
1301 377 1506 418 locutione
1526 377 1656 419 utitur
1675 378 1824 435 Eurip.

390 447 515 488 Herc.
538 447 587 487 F.
609 456 729 501 1052.
755 445 986 500 Κεχυμένως
1008 445 1158 500 (εὐνᾶς)
1182 444 1427 492 ἐπαντέλλει,
1449 453 1490 486 et
1510 444 1711 485 Phoeniss.
1731 454 1825 500 105.

388 512 518 556 Ποὸὸς
543 514 653 566 ἴχνος
682 512 933 554 ἐπαντέλλων
966 513 1205 567 (attollens).
1240 513 1472 554 ABREscn.
1509 510 1694 566 Choeph.
1728 512 1824 554 280.

387 581 539 622 Λευκᾶς
558 581 600 619 δὲ
621 581 762 631 κόρσας
781 578 860 635 τῇδ’
883 578 1141 620 ἐπαντέλλειν
1161 579 1276 633 νόσῳ.
1312 579 1507 619 Ceterum
1527 577 1684 619 notavit
1706 578 1825 619 Stan-

387 645 504 696 leius,
520 645 653 686 media
666 653 783 686 nocte
803 654 962 701 captam
977 645 1102 686 fuisse
1117 644 1303 700 Trojam,
1320 643 1475 686 collatis
1490 644 1639 701 Eurip.
1658 645 1823 686 Hecub.

389 724 483 766 902.
516 711 659 767 Virgil.
681 713 780 753 AEn.
803 725 840 755 2.
864 714 957 767 265.
990 712 1218 753 BLOMF.

446 790 514 832 29.
544 778 804 833 ἐπορθιάζειν]
838 778 1101 831 ἐπορθριάζειν
1127 778 1191 818 Μ.
1215 776 1357 819 Guelf.
1388 776 1489 819 Ald.
1524 777 1585 818 ἐπ’
1607 776 1825 830 ὀρθριάζειν

391 844 505 885 Rob.
673 863 675 865 ’

442 923 513 966 30.
533 909 762 964 ἀγγέλλων]
786 910 968 963 ἀγγέλων
988 909 1053 951 Fl.
1076 911 1138 952 M.
1162 910 1262 952 Ald.

443 989 512 1032 32.
542 977 585 1018 εὖ
611 977 800 1032 πεσόντα]
822 977 1028 1032 Prospero
1046 990 1234 1019 successu
1253 990 1342 1018 usa.
1403 975 1653 1031 Metaphora
1680 989 1706 1016 a
1733 976 1824 1018 talis

386 1042 617 1098 desumpta,
649 1042 701 1083 de
730 1057 814 1098 qua
848 1042 927 1083 vid.
959 1043 1012 1084 ad
1044 1043 1280 1100 proximum
1314 1057 1493 1084 versum.
1551 1042 1824 1084 Proverbium

386 1108 500 1164 apud
519 1108 645 1150 schol.
666 1108 780 1164 quod
802 1123 854 1150 ex
877 1109 1077 1164 Sophocle
1096 1109 1194 1152 citat
1214 1109 1428 1152 scholiasta
1446 1109 1500 1150 ad
1520 1109 1670 1166 Eurip.
1688 1111 1823 1152 Orest.

387 1177 483 1218 602.
513 1174 598 1217 Ἀεὶ
625 1177 700 1229 γὰρ
730 1176 773 1217 εὖ
798 1176 1006 1218 πίπτουσιν
1028 1177 1066 1217 οἱ
1086 1176 1182 1220 Διὸς
1209 1177 1332 1228 κύβοι.
1358 1175 1410 1217 cf.
1434 1175 1677 1232 Diogenian.
1694 1189 1733 1228 1,
1753 1178 1823 1232 58.

388 1242 549 1284 Locum
570 1241 625 1283 sic
645 1242 767 1284 vertit
788 1242 1034 1285 Hadrian.J
1038 1242 1160 1284 unius
1171 1241 1395 1283 Animadv.
1418 1255 1459 1292 2,
1478 1255 1518 1294 4.
1539 1242 1611 1284 ubi
1631 1242 1753 1299 plura
1772 1244 1824 1286 de

388 1307 562 1350 talorum
576 1309 707 1365 jactu,
731 1309 934 1351 Cecidisse
952 1323 1019 1351 res
1036 1309 1185 1351 heriles
1200 1323 1397 1366 prospere
1414 1309 1530 1351 dabo.
1561 1310 1790 1351 BLOMF.

443 1389 512 1431 33.
539 1377 619 1429 τρὶς
637 1375 702 1431 ἕξ]
726 1377 922 1417 Summus
943 1377 1080 1433 jactus
1098 1377 1141 1418 in
1161 1376 1261 1418 ludo
1280 1375 1504 1427 tesserario,
1524 1376 1567 1417 in
1586 1391 1672 1432 quo
1692 1377 1823 1419 tribus

387 1441 545 1484 tesseris
567 1442 799 1484 ludebatur.
859 1442 1035 1485 Photius
1059 1452 1099 1485 et
1126 1443 1288 1494 Suidas‚
1308 1444 1403 1497 Τρὶς
1431 1442 1533 1495 &ab
1561 1448 1664 1496 τρεῖς
1693 1445 1819 1496 κύβοι.

388 1511 426 1550 οἱ
443 1510 517 1561 μὲν
536 1509 616 1561 τρὶς
636 1509 677 1560 ἓξ
698 1511 814 1561 νίκης,
836 1511 873 1551 οἱ
899 1511 942 1550 δὲ
960 1514 1064 1562 τρεῖς
1084 1511 1208 1562 κύβοι,
1232 1511 1349 1552 κενοί.
1383 1511 1445 1552 καὶ
1463 1510 1508 1551 τὸ
1527 1509 1615 1563 παρ’
1637 1511 1823 1564 Εὐριπίδῃ

388 1579 562 1617 τοιοῦτον
582 1575 776 1632 (Teleph.
797 1576 847 1617 fr.
869 1577 955 1630 14.)
978 1577 1148 1628 Βέβληκ’
1166 1576 1379 1631 Ἀχιλλεὺς
1407 1577 1473 1619 δύο
1504 1577 1609 1629 κύβω
1640 1578 1703 1619 καὶ
1731 1577 1822 1620 τέσ-

388 1659 504 1695 σαρα.
534 1646 648 1695 τριῶν
666 1644 742 1696 γὰρ
758 1644 883 1684 ὄντων
902 1647 978 1684 τῶν
997 1643 1359 1697 ἆναῤῥιπτουμένων
1376 1646 1526 1696 βόλων,
1543 1645 1675 1700 (Nota
1689 1659 1825 1701 gram-

388 1708 523 1750 matici
542 1709 763 1765 senarium)
786 1710 852 1752 δύο
872 1712 946 1763 μὲν
966 1711 1098 1754 κενοὺς
1115 1711 1233 1752 αὐτόν
1258 1717 1358 1764 φησι
1381 1710 1565 1763 βάλλειν,
1587 1712 1658 1754 ἕνα
1686 1714 1730 1754 δὲ
1755 1713 1824 1755 τὸν

387 1775 688 1828 τέταρτον-ὅτι
720 1776 764 1818 δέ
796 1778 818 1818 ὁ
851 1777 932 1830 τρὶς
963 1778 1004 1829 ἓξ
1034 1778 1174 1830 βαλὼν
1208 1779 1416 1831 κατώρθου,
1452 1778 1514 1819 καὶ
1548 1780 1748 1833 Αἰσχύλος
1779 1781 1823 1821 ἐν

387 1840 650 1895 Ἀγαμέμνονι
676 1845 899 1897 παρίστησι.
935 1848 996 1886 Τὰ
1025 1849 1225 1887 δεσποτῶν
1254 1847 1330 1898 γὰρ
1363 1844 1405 1886 εὖ
1433 1846 1609 1886 πεσόντα
1642 1845 1822 1898 θήσομαι,

387 1910 481 1963 Τρὶς
500 1910 541 1961 ἓξ
560 1913 762 1964 βαλούσης
781 1914 846 1963 τῆς
866 1913 956 1964 ἐμῆς
975 1915 1225 1966 φρυκτωρίας.
1247 1911 1404 1952 Zenob.
1424 1924 1466 1963 4.
1490 1924 1557 1965 23.
1582 1910 1606 1962 ἢ
1633 1913 1712 1965 τρὶς
1738 1913 1779 1964 ἓξ
1797 1911 1822 1965 ἢ

387 1981 488 2029 τρεῖς
517 1978 668 2029 κύβους”
698 1978 723 2030 ἡ
750 1980 935 2031 παροιμῖα
962 1981 1067 2031 παρὰ
1095 1978 1329 2032 Φερεκράτει
1358 1980 1402 2019 ἐν
1426 1979 1820 2031 Μυρμηκανθρώποις.

388 2047 509 2085 κεῖται
529 2043 559 2085 δ’
582 2044 644 2086 ἐπὶ
663 2048 740 2086 τῶν
758 2046 1147 2087 ἆποκινδυνευόντων.
1177 2046 1221 2086 τὸ
1245 2046 1318 2097 μὲν
1344 2046 1432 2098 γὰρ,
1454 2045 1534 2097 τρὶς
1560 2043 1615 2095 ἓξ,
1638 2044 1708 2096 τὴν
1726 2062 1824 2088 παν-

386 2112 481 2162 τελῆ
501 2112 610 2163 νίκην
629 2114 750 2162 δηλοῖ.
781 2111 825 2153 τὸ
846 2114 902 2160 δὲ,
924 2116 1025 2164 τρεῖς
1045 2114 1170 2164 κύβοι,
1191 2112 1261 2163 τὴν
1279 2111 1412 2163 ἧτταν.
1444 2110 1568 2152 πάλαι
1593 2113 1669 2163 γὰρ
1695 2111 1823 2163 τρισὶν

387 2179 556 2232 ἐχρῶντο
585 2179 680 2232 πρὸς
708 2183 775 2224 τὰς
800 2182 952 2223 παιδιὰς
979 2180 1122 2231 κύβοις,
1145 2180 1207 2221 καὶ
1232 2179 1305 2232 οὐχ
1332 2180 1382 2222 ὦς
1401 2180 1438 2219 οἱ
1458 2182 1542 2229 νῦν,
1563 2178 1642 2219 δύο.
1674 2177 1760 2219 ἔστι
1779 2179 1822 2219 δὲ

387 2245 596 2296 ὁμωνυμία.
635 2246 758 2296 κύβον
785 2248 861 2299 γὰρ
895 2247 1038 2299 ἔλεγον
1068 2247 1185 2289 tecm*
1201 2245 1320 2286 αὐτὸν
1351 2244 1420 2286 τὸν
1452 2245 1722 2297 ῥιπτούμενον,
1755 2245 1821 2286 ὅτε

386 2311 535 2363 πλήρης
555 2313 653 2362 ἐστὶ,
676 2313 738 2353 καὶ
756 2312 819 2364 μή.
850 2313 937 2356 τοὺς
957 2315 1000 2354 δὲ
1015 2313 1156 2364 κύβους
1173 2314 1243 2354 τὰς
1261 2312 1456 2354 τοιούτους
1475 2311 1513 2351 οἱ
1525 2309 1662 2354 Ἴωνες
1682 2313 1822 2352 καλοῦ-

388 2394 453 2418 σιν
472 2379 580 2421 οἴνας
608 2378 754 2434 (Angl.
775 2380 894 2435 Pips)
923 2380 985 2421 καὶ
1012 2379 1082 2430 τὴν
1107 2380 1317 2432 παροιμίαν
1345 2379 1463 2420 οὕτως
1492 2377 1735 2430 ἐκφέρουσιν·
1759 2377 1821 2420 Ἢ

387 2444 467 2496 τρὶς
493 2444 548 2495 ἓξ,
578 2443 603 2495 ἢ
630 2449 733 2498 τρεῖς
761 2446 882 2489 οἴνας.
924 2445 1010 2499 (Cf.
1040 2445 1236 2487 Photium
1265 2454 1306 2487 et
1337 2444 1452 2486 Suid.
1479 2459 1517 2485 v.
1543 2444 1604 2486 *H
1634 2446 1715 2498 τρὶς
1744 2446 1819 2500 ἕξ.)

389 2511 518 2552 Hunc
536 2510 670 2552 locum
696 2511 818 2553 etiam
845 2512 1010 2554 exhibet
1038 2512 1172 2554 Schol.
1194 2512 1356 2554 Platon.
1375 2527 1417 2568 p.
1441 2521 1534 2566 245.
1562 2511 1633 2552 sed
1657 2512 1823 2568 corrigit

388 2577 609 2619 Salmasius
636 2578 690 2619 ad
716 2580 752 2620 F
755 2578 832 2620 lav.
854 2579 1017 2635 Vopisc.
1045 2579 1208 2621 Procul.
1235 2596 1278 2636 p.
1299 2589 1393 2635 759.
1425 2581 1548 2630 κύβον
1575 2581 1651 2632 γὰρ
1681 2579 1823 2632 ἔλεγον

387 2647 514 2698 διχῶς·
536 2645 628 2686 αὐτὸ
643 2646 687 2686 τὸ
700 2647 965 2699 ῥιπτούμενον,
981 2647 1043 2688 καὶ
1063 2646 1085 2687 ὃ
1104 2647 1247 2701 πλῆρές
1268 2649 1351 2689 ἐστι
1373 2648 1434 2689 καὶ
1451 2648 1516 2699 μή,
1547 2646 1822 2703 Epicharmus

389 2711 541 2752 Stobaei
562 2714 628 2765 69.
648 2727 689 2768 p.
714 2713 806 2768 289.
834 2714 892 2754 Τὸ
917 2715 959 2755 δὲ
985 2717 1125 2767 γαμεῖν
1145 2714 1280 2766 ὁμοῖόν
1299 2715 1384 2755 ἐστι
1412 2715 1464 2770 τῷ
1488 2714 1567 2767 τρὶς
1596 2713 1638 2764 ἓξ
1665 2711 1689 2763 ἢ
1718 2716 1822 2764 τρεῖς

389 2778 530 2829 κύβους
558 2777 658 2819 Ἀπὸ
691 2781 807 2833 τύχης
835 2784 993 2831 βαλεῖν.
1053 2780 1137 2822 Hic
1161 2780 1298 2836 jactus
1330 2780 1443 2837 apud
1478 2779 1650 2822 Latinos
1689 2780 1821 2820 Venus

388 2843 611 2886 dicebatur.
670 2846 761 2887 Vid.
784 2848 911 2903 Cruq.
933 2847 985 2888 ad
1007 2848 1156 2889 Horat.
1178 2848 1316 2889 Carm.
1340 2860 1375 2888 2.
1399 2857 1441 2900 7,
1463 2855 1529 2901 25.
1560 2845 1790 2887 BLOMF.

445 2913 699 2965 φρυκτωρίας]
723 2913 850 2955 Facis
868 2915 1129 2955 accensionis.
1180 2913 1325 2955 Minus
1344 2922 1452 2955 recte
1472 2912 1690 2964 stanleius,
1711 2912 1817 2968 Spe-
