1962 3224
381 180 467 222 574
855 183 1351 225 ANNOTATIONES

442 306 561 335 1021.
583 295 640 350 δὲ]
661 313 708 349 γε
729 297 959 339 Pearsonus
979 298 1144 340 frustra.

441 374 563 404 1022.
585 363 642 418 τε]
664 380 700 404 τι
721 364 825 405 Rob.

435 428 580 483 φέγγη]
611 429 754 483 φέγγει
784 431 847 471 Μ.
872 431 1012 472 Guelf.
1034 431 1135 473 Ald.
1158 432 1266 473 Rob.
1298 432 1412 487 quod
1440 432 1624 473 defendit
1654 431 1817 472 Ahren-

379 494 462 536 sius
481 510 521 551 p.
544 506 580 549 7.
603 496 748 536 collato
770 498 884 538 Pers.
907 499 1024 551 1076.
1046 497 1191 551 πέμψω
1212 499 1276 539 τοί
1294 515 1341 540 σε
1362 500 1563 551 δυσθρόοις
1582 499 1702 551 γόοις.

439 575 559 617 1023.
584 563 653 617 εἷς]
678 563 805 604 Scrib.
830 565 882 606 ε’ς.

436 626 585 680 ἔνερθε]
608 627 766 679 ἔνερθεν
787 628 895 669 Rob.

439 705 558 744 1024.
575 692 646 743 ξὺν
665 695 966 749 προσπόλοισιν]
991 696 1226 737 Sacerdotes
1246 696 1469 751 templique
1486 695 1687 736 ministros
1707 711 1814 745 suos,

379 758 610 799 Palladium
628 759 703 801 rite
720 761 908 811 colentes,
927 777 1020 802 cum
1037 762 1194 804 facibus
1210 762 1486 803 Eumenidum
1504 762 1673 802 chorum
1695 763 1817 804 comi-

379 824 454 865 tari
469 825 590 879 jubet
612 825 814 867 Minerva.
849 829 978 868 SCH.

440 900 559 945 1025.
582 892 700 946 ὅμμα]
723 893 766 933 F
765 893 824 933 los
848 894 1021 949 populi;
1056 904 1102 936 ut
1131 894 1336 947 ὀφθαλμὸς
1365 893 1551 949 Cboeph.
1576 909 1615 935 v.
1637 895 1732 949 926.
1764 894 1816 935 de

371 958 570 1013 principe
570 959 778 1012 familz'ce.
813 961 942 1001 SCH.

438 1026 559 1066 1026.
584 1025 781 1080 Θησῇδος]
805 1026 1001 1078 Θησηΐδος
1022 1026 1126 1068 libri.

439 1100 559 1143 1027.
593 1092 694 1132 Post
713 1091 823 1133 hunc
845 1108 1005 1134 versum
1039 1093 1157 1149 plura
1176 1093 1370 1134 excidisse
1399 1092 1683 1133 animadvertit
1703 1094 1813 1133 Her-

378 1171 553 1198 mannus
571 1158 725 1214 Opusc.
757 1158 838 1200 vol.
864 1171 902 1201 2.
934 1175 974 1216 p.
1002 1173 1092 1215 133.
1114 1170 1154 1201 et
1173 1160 1253 1201 vol.
1275 1162 1316 1201 6.
1348 1170 1452 1216 part.
1476 1173 1513 1203 2.
1543 1175 1586 1215 p.
1611 1170 1706 1213 117.
1726 1175 1813 1201 rec-

378 1233 501 1279 teque
519 1224 571 1265 ad
594 1224 696 1266 hanc
717 1226 869 1267 fabulae
889 1236 1044 1282 partem
1067 1227 1225 1269 rettulit
1250 1226 1585 1283 Harpocrationis
1603 1227 1742 1276 verba,
1762 1228 1815 1268 ab

379 1289 530 1330 Photio
550 1300 591 1332 et
613 1291 740 1332 Suida
760 1293 945 1347 repetita,
966 1295 1187 1345 Εὐμενίδες,
1207 1293 1460 1346 Δημοσθένης
1481 1295 1523 1333 ἐν
1543 1295 1594 1348 τῷ
1614 1292 1693 1334 κατ’
1712 1292 1815 1345 Ἀρι-

378 1357 622 1409 στοκράτους.
673 1360 875 1412 Αἰσχύλος
896 1362 939 1401 ἐν
961 1361 1172 1412 Εὐμενίσιν
1194 1362 1311 1402 εἰπὼν
1331 1362 1379 1401 τὰ
1398 1360 1485 1412 περὶ
1505 1359 1575 1410 τὴν
1596 1361 1720 1412 κρίσιν
1746 1360 1815 1411 τὴν

374 1423 576 1475 Ὀρέστου,
609 1425 731 1477 φησὶν
761 1427 810 1469 ὡς
841 1427 864 1478 ἡ
898 1427 1046 1478 Ἀθηνᾶ
1078 1427 1285 1480 πραΰνασα
1316 1429 1381 1470 τὰς
1411 1427 1591 1479 Ἐρινύας
1622 1427 1724 1467 ὥστε
1759 1426 1812 1477 μὴ

376 1494 559 1542 χαλεπῶς
590 1491 697 1544 ἔχειν
723 1492 818 1544 πρὸς
844 1493 913 1533 τὸν
939 1493 1145 1546 Ὀρέστην,
1177 1494 1392 1546 Εὐμενίδας
1419 1493 1634 1544 ὠνόμασεν.
1667 1494 1743 1533 εἶσὶ
1772 1495 1814 1534 δὲ

375 1555 566 1608 Ἀληκτὼ,
589 1557 772 1610 Μέγαιρα
793 1560 856 1599 καὶ
875 1562 1083 1612 Τισιφόνη.

437 1625 556 1665 1028.
579 1624 908 1676 φοινικοβάπτους
928 1625 1028 1665 Ald.
1060 1627 1364 1678 φοινικόβαπτος
1386 1627 1518 1666 Turn.

437 1702 559 1745 1029.
580 1690 728 1744 τιμᾶτε]
750 1692 902 1742 τιμᾶται
923 1692 1064 1732 Guelf.
1087 1692 1191 1733 Ald.
1211 1702 1251 1734 et
1273 1710 1291 1734 ε
1312 1693 1587 1749 superscripto
1608 1694 1672 1733 M.
1731 1694 1814 1733 Re-

375 1757 506 1797 fertur
527 1757 602 1798 hoc
624 1759 793 1799 verbum
814 1759 866 1800 ad
887 1759 1167 1800 Eumenidum
1199 1775 1362 1811 nomen,
1381 1761 1494 1816 quod
1514 1761 1554 1801 in
1577 1761 1810 1817 praeeeden-

376 1823 485 1864 tibus
505 1824 577 1879 qui
599 1825 806 1880 perierunt
827 1826 1009 1866 versibus
1028 1826 1176 1867 lectum
1199 1826 1291 1867 fuit.

435 1904 553 1945 1031.
577 1890 810 1946 εὐάνδροισι]
833 1892 1078 1945 εὖάνδροισιν
1099 1892 1206 1933 libri.

435 1969 557 2012 1032.
579 1959 817 2010 Προπομποί
834 1959 1117 2014 praescriptum
1138 1959 1178 1999 in
1203 1959 1346 2015 Steph.
1377 1964 1450 2001 Χο.
1464 1960 1504 1999 in
1523 1960 1586 2000 Μ.
1605 1961 1698 2000 Par.
1716 1959 1810 2000 Ald.

375 2024 511 2064 Turn.
563 2025 771 2065 Neutrum
792 2024 834 2064 in
853 2025 964 2065 Rob.

428 2090 530 2140 βᾶτε
560 2091 661 2144 δόμῳ
683 2090 957 2132 VVellauerus.
999 2091 1089 2143 βότ’
1122 2094 1166 2132 ἐν
1195 2093 1297 2147 δόμῳ
1330 2093 1392 2133 Μ.
1426 2094 1519 2134 Par.
1546 2093 1686 2133 Guelf.
1708 2093 1809 2133 Ald.

374 2156 484 2197 Rob.
514 2156 604 2207 βότ’
626 2159 668 2197 ἐκ
689 2158 817 2208 δόμων
839 2159 974 2198 Turn.
1001 2158 1140 2213 steph.

429 2223 642 2278 φιλότιμοι]
674 2223 792 2264 Idem
823 2223 907 2264 fere
936 2225 1048 2280 quod
1077 2226 1292 2276 πολύτιμοι.
1339 2225 1388 2265 V.
1417 2225 1599 2266 Lobeck.
1629 2224 1808 2280 Paralip,

371 2304 415 2344 p.
435 2299 532 2343 372.

430 2368 550 2410 1034.
581 2358 715 2398 παῖδες
740 2357 912 2411 ἄπαιδες]
943 2357 1102 2398 Eodem
1124 2372 1241 2399 sensu
1262 2358 1417 2399 dictum
1438 2373 1522 2398 esse
1537 2373 1621 2413 quo
1643 2360 1809 2400 παλαιαὶ

369 2425 502 2465 παῖδες
521 2432 716 2463 vocentur
735 2438 774 2463 v,
794 2425 864 2478 69.
887 2423 1045 2464 monuit
1067 2424 1325 2465 Schuetzius.

425 2489 575 2544 πομπᾷ]
607 2490 883 2531 Continuatur
911 2490 1040 2531 oratio
1060 2491 1194 2531 verbis
1223 2492 1296 2544 γᾶς
1325 2491 1397 2532 ὑπὸ
1429 2510 1477 2543 κ.,
1497 2492 1707 2548 interjecto
1726 2492 1811 2548 epi-

368 2555 613 2611 phonemate
634 2557 842 2610 εὐφαμεῖτε
862 2559 904 2598 δέ
924 2562 1102 2611 χωρῖται.

429 2635 505 2677 103
509 2632 550 2677 5.
569 2627 728 2676 χωρῖται
750 2625 1017 2665 Hei-mannus
1038 2624 1174 2665 Elem.
1196 2624 1325 2665 doctr.
1346 2634 1461 2665 metr.
1484 2639 1526 2680 p.
1547 2634 1644 2679 435.
1675 2626 1808 2681 Lege-

367 2689 492 2730 batur
511 2695 688 2743 χωρεῖτε.

427 2758 548 2811 1036.
578 2760 651 2810 γᾶς
679 2758 753 2798 ὑπὸ
785 2759 962 2799 κεύθεσιν
992 2758 1207 2812 ὠγυγίοισι]
1231 2758 1454 2814 Templum
1484 2757 1590 2798 enim
1612 2757 1809 2798 Eumeni-

367 2822 469 2864 dum
489 2825 712 2879 Areopago
741 2834 827 2865 erat
857 2824 1106 2879 proximum.
1166 2824 1390 2865 Pausanias
1415 2837 1450 2875 1,
1474 2824 1543 2874 28,
1564 2825 1603 2864 6.
1625 2824 1807 2874 Πλησίον

365 2890 407 2929 δὲ
440 2889 682 2945 (Areopagi)
717 2890 821 2943 ἱερὸν
852 2894 951 2932 θεῶν
979 2893 1086 2932 ἐστιν
1113 2890 1159 2935 ἃς
1189 2893 1375 2932 καλοῦσιν
1403 2890 1604 2940 Ἀθηναῖοι
1634 2889 1800 2941 Σεμνάς.
