1962 3224
653 131 745 173 AD
778 130 1136 172 SUPPLICES.
1546 131 1633 172 583

166 242 283 284 sulas
297 257 415 300 rogo.
447 244 628 295 καρβᾶνα
642 240 674 283 δ’
689 242 812 283 αὐδὰν
827 240 1005 283 scribere
1025 239 1162 297 potuit
1176 240 1422 297 AEschylus,
1438 241 1515 283 etsi
1535 240 1633 283 alibi

166 310 341 352 formam
364 310 562 363 κάρβανος
580 319 704 351 amat.
741 307 928 366 Etymol.
952 309 1017 349 M.
1040 317 1216 350 testatur
1236 311 1434 362 καρβᾶνες
1453 308 1535 350 dici
1554 324 1633 365 pro

164 379 376 432 βάρβαροι.
411 379 543 420 SCH.
582 378 748 430 ἶλέωμαι
768 377 872 419 Ald.
894 376 1007 419 Rob.
1046 376 1206 429 ἱλάομαι
1226 375 1470 433 Burgesius.
1532 378 1631 419 Sus-

164 456 331 503 pectum
352 456 412 487 est
434 445 603 498 ῑλέομαι,
626 461 722 502 quae
741 445 876 487 forma
895 443 1064 486 aliunde
1085 459 1165 486 non
1186 453 1247 486 est
1266 445 1445 501 cognita.

226 514 320 556 118.
352 513 550 569 καρβάνα]
590 513 863 555 Scribendum
898 515 1090 566 καρβᾶνα.
1143 517 1171 537 “
1190 513 1300 554 Cum
1322 514 1440 570 prius
1459 513 1631 556 dixisset

161 585 316 633 βοῦνιν,
339 581 558 622 verborum
581 581 736 638 quibus
766 581 899 623 utitur
919 580 1319 631 observantissimus,
1342 580 1479 622 statim
1511 581 1630 623 addit

164 652 343 703 καρβᾶνα
372 648 403 691 δ’
427 650 550 692 αὐδὰν
569 659 646 692 etc.
698 653 839 693 Βοῦνις
864 648 972 689 enim
1002 651 1065 702 γῆ,
1089 650 1186 690 κατὰ
1215 648 1459 702 βαρβάρους,
1491 649 1629 706 inquit

161 720 409 763 scholiastes.
472 722 532 762 Et
560 719 827 777 Phrynichus
857 728 974 761 notat
1001 718 1152 772 βουνὸν
1181 734 1269 760 esse
1299 721 1460 761 ὀθνείαν
1490 719 1628 773 φωνὴν

160 791 227 840 τῆς
261 788 450 840 Ἀττικῆς.
512 788 641 830 Unde
667 788 821 830 alicubi
852 787 894 828 in
927 786 1143 838 comoedia,
1174 801 1269 828 cum
1306 787 1476 844 quidam
1513 788 1626 830 hunc

159 870 324 897 versum
346 856 608 913 protulisset:

275 934 428 975 Βουνὸν
449 935 513 976 ἐπὶ
532 935 652 990 ταύτῃ
674 934 913 986 καταλαβὼν
932 934 1013 975 ἄνω
1033 932 1133 975 τινά.

158 1021 311 1078 regerit
333 1021 457 1064 alter:

270 1102 342 1145 Τίς
362 1100 446 1144 ἐσθ’
468 1103 490 1142 ὁ
509 1101 670 1154 βουνὸς,
693 1102 758 1143 ἵνα
777 1105 917 1155 σαφῶς
937 1118 984 1143 σε
1002 1101 1190 1154 μανθάνω
1207 1121 1216 1149 ;

159 1192 330 1233 Sum.
379 1194 519 1235 Βοῦνις
551 1191 603 1246 γῆ
637 1207 733 1233 vero
764 1191 918 1233 dicitur
958 1198 1071 1233 terra
1100 1192 1270 1234 collibus
1290 1193 1531 1250 frequens,·
1565 1196 1621 1238 sic

155 1257 264 1301 infra
291 1263 345 1313 γᾶ
372 1263 510 1312 βοῦνις
538 1259 801 1317 componitur
831 1275 872 1302 v.
893 1260 1003 1315 789;
1036 1259 1241 1302 falluntur
1260 1275 1360 1317 ergo
1380 1260 1454 1317 qui
1474 1261 1621 1306 Ἀπίαν

154 1330 296 1379 βοῦνιν
314 1327 473 1370 dictum
494 1343 580 1370 esse
599 1338 751 1385 putant
771 1343 848 1385 pro
862 1327 1010 1370 Ἀπίαν
1028 1331 1118 1383 γῆν,
1135 1343 1231 1370 cum
1245 1328 1449 1385 significet
1462 1331 1619 1387 Apiam

157 1398 342 1449 (terram)
365 1396 534 1437 collibus
535 1397 822 1453 frequentem.
856 1396 910 1438 cf.
934 1397 1115 1453 Interpr.
1136 1396 1190 1438 ad
1212 1397 1399 1453 Hesych.
1421 1413 1460 1439 v.
1481 1400 1620 1450 βουνὶς

152 1463 242 1517 γῆ.”
277 1465 408 1506 SCH.

212 1545 305 1587 119.
339 1532 528 1588 εὖακοεῖς]
564 1532 788 1575 εὗακοννεῖς
820 1532 886 1573 Μ.
914 1533 1013 1573 Par.
1040 1532 1183 1574 Guelf.
1218 1533 1320 1575 Ald.
1370 1535 1618 1591 Utrumque

150 1599 357 1642 vitiosum.
392 1601 435 1643 εὖ
459 1600 536 1654 (vel
560 1601 643 1655 σὺ),
665 1604 730 1654 γᾶ,
764 1605 915 1645 κοννεῖς
944 1600 1266 1642 Boissonadius:
1295 1617 1478 1658 quocum
1504 1604 1614 1646 conf.

150 1683 191 1709 v.
212 1669 240 1711 1.
260 1669 312 1710 ad
339 1682 434 1724 130.

211 1749 304 1781 120.
335 1737 785 1793 πολλάκι-καλύπτρᾳ]
811 1737 1044 1779 Identidem
1063 1743 1201 1779 autem
1222 1753 1321 1795 prae
1342 1740 1520 1782 tristitia
1549 1741 1612 1782 la-

148 1818 240 1846 cero
270 1806 514 1847 vestimenta
547 1806 660 1846 linea
691 1811 731 1846 et
762 1806 986 1847 Sidonium
1021 1806 1172 1862 capitis
1202 1812 1500 1863 tegumentum.
1546 1810 1613 1862 ε’μ-

148 1876 301 1914 πιτνεῖν
321 1872 395 1914 σὺν
414 1873 545 1914 λακίδι
572 1871 673 1913 nihil
700 1872 814 1914 aliud
845 1882 905 1914 est
935 1888 1061 1929 quam
1092 1873 1340 1929 discerpere,
1362 1875 1611 1928 dilacerare,

147 1940 346 1996 impetum
366 1941 413 1980 in
434 1946 564 1981 vestes
575 1940 732 1996 fizcere
760 1941 994 1982 lacerando.
1047 1940 1115 1982 Sic
1146 1941 1262 1982 Pers.
1282 1955 1323 1982 V.
1349 1954 1444 1985 122.
1462 1945 1610 1995 βυσσί-

148 2025 231 2052 νοις
251 2007 283 2049 δ’
306 2009 351 2049 ἐν
369 2007 537 2051 πέπλοις
557 2008 662 2064 πέσῃ
682 2009 807 2051 λακίς.
841 2009 972 2049 SCH.

204 2075 391 2131 ἐμπίτνω]
413 2077 583 2128 ἐμπιτνῶ
602 2075 713 2127 libri,
733 2076 848 2132 quod
870 2077 1036 2118 ἐνπιτνῶ
1057 2075 1257 2132 scriptum
1274 2076 1317 2118 in
1339 2077 1483 2121 Guelf.
1504 2079 1607 2122 Ald.

146 2141 259 2183 Rob.

207 2221 302 2253 121.
334 2210 512 2266 Σιδονίᾳ]
541 2211 710 2267 Σιδωνῖα
739 2210 842 2252 Ald.
875 2212 1014 2252 Turn.
1039 2212 1215 2253 Homer.
1244 2210 1299 2252 Il.
1327 2215 1374 2262 Z,
1398 2213 1495 2269 289.
1527 2213 1607 2257 ἔνθ’

145 2276 246 2319 ἔσαν
264 2278 304 2319 οἱ
321 2277 468 2320 πέπλοι
486 2279 760 2331 παμποίκιλοι,
783 2278 882 2332 ἔργα
901 2282 1097 2332 γυναικῶν
1117 2280 1319 2321 Σιδονίων.

202 2345 417 2400 καλύπτρᾳ]
438 2346 638 2401 καλύστρα
658 2345 802 2388 Guelf.
824 2346 932 2389 Ald.

206 2423 301 2466 123.
329 2412 576 2469 πελομένων]
603 2415 805 2466 πελομίων
835 2414 938 2456 Ald.
966 2423 1164 2456 consueto
1191 2413 1269 2455 sibi
1295 2429 1432 2455 errore
1464 2415 1524 2468 (v,
1550 2415 1606 2458 ad

144 2492 183 2519 v.
207 2479 273 2533 63.
276 2478 312 2532 )‚
333 2493 420 2534 quo
438 2495 520 2521 non
541 2481 827 2523 animadverso
846 2483 1048 2534 πολεμίων
1067 2480 1331 2537 interpolavit
1352 2482 1488 2523 Turn.

205 2557 299 2595 124.
310 2546 561 2618 οέπιδρομῶὅ
583 2548 645 2589 ὅθι
664 2549 775 2591 Rob.
802 2549 946 2606 Steph.
993 2550 1187 2601 ἐπιδρόμω
1214 2548 1307 2589 πόθι
1333 2547 1438 2589 Ald.
1463 2550 1603 2591 Turn.

144 2599 336 2666 ἐπιδρομω
356 2615 450 2656 πόθι
469 2615 537 2656 Μ.
587 2616 863 2658 Scribendum
894 2617 1082 2669 ἐπίδρομ,
1105 2616 1221 2656 ὁπόθι
1239 2629 1335 2655 cum
1358 2616 1605 2658 Hermanno

144 2683 300 2738 Opusc.
331 2682 410 2724 vol.
430 2696 470 2735 4.
500 2698 544 2739 p.
569 2696 661 2738 119.
715 2685 889 2725 Sensum
920 2683 1143 2724 verborum
1174 2682 1230 2723 sic
1257 2681 1458 2738 explicuit
1484 2683 1601 2725 scho-

142 2747 273 2798 liasta,
306 2750 404 2790 ὅπου
435 2750 479 2790 δὲ
516 2749 684 2795 θάνατος
714 2751 809 2807 ἆπῇ,
835 2752 920 2792 ἐκεῖ
950 2754 1027 2792 τῶν
1057 2750 1272 2802 ἀνθρώπων
1302 2749 1604 2803 εὐπραγούντων

142 2817 247 2868 τιμαὶ
268 2820 348 2860 τοῖς
378 2820 483 2860 θεοῖς
504 2816 789 2872 ἐπιτρέχουσιν.
821 2817 968 2870 ἐναγέα
987 2818 1031 2858 δὲ
1052 2818 1311 2871 ἐναγίσματα.
1350 2817 1433 2859 Sed
1455 2818 1604 2872 ἐναγέα

142 2897 223 2924 non
244 2893 416 2940 apparet
435 2883 647 2940 quomodo
666 2899 744 2940 pro
763 2885 1012 2937 ἐναγίσματα
1030 2883 1111 2927 dici
1131 2883 1327 2941 potuerit.
