1962 3224
553 155 643 196 AD
676 154 1211 196 AGAMEMNONEM.
1473 171 1476 174 ·
1536 153 1624 196 357

151 286 280 321 μενος.
306 268 491 326 Hesych.
543 267 739 325 Sophocl.
762 267 921 309 Trach.
941 269 1010 323 36.
1032 270 1122 308 Νῦν
1152 266 1183 308 δ’
1215 267 1312 318 ἡνίκ’
1344 267 1481 307 ἄθλων
1510 264 1622 307 τῶνδ’

152 338 366 391 ὑπερτελὴς
386 337 475 391 ἔφυ.
511 337 662 393 Eurip.
688 338 780 378 Ion.
799 338 922 392 1566.
949 335 1043 377 Ἔα·
1075 336 1133 379 τίς
1152 337 1270 377 οἴκων
1291 335 1490 376 θυοδόκων
1509 335 1625 387 ὑπερ-

152 405 271 456 τελὴς
289 405 502 458 Ἀντήλιον
522 406 737 458 πρόσωπον
758 406 939 459 ἐκφαίνει
960 408 1086 451 θεῶν;
1137 405 1335 446 Ceterum
1369 403 1624 446 subaudien-

152 472 252 514 dum
276 473 450 528 ἐγένετο.
483 474 717 515 BLOMF.

212 541 394 598 νωτίσαι]
426 543 513 583 Per
539 542 710 583 dorsum
740 543 814 583 ire.
877 542 979 583 Lux
1014 541 1170 583 dicitur
1194 540 1254 582 ire
1285 540 1343 582 ἐπ’
1374 540 1491 594 εὐρέα
1521 545 1627 582 νῶτα

153 610 373 663 θαλάσσης,
415 620 463 652 ut
494 610 551 652 ait
585 612 799 652 Homerus
833 609 886 652 ll.
917 615 964 660 B,
997 622 1090 666 159.
1164 611 1297 651 Recte
1332 608 1463 665 igitur
1498 609 1624 650 schol.

152 680 384 732 ὑπερβῆναι.
415 678 566 735 Eurip.
599 679 804 720 Phoeniss.
836 681 934 721 660.
970 680 1110 722 κισσὸς
1145 677 1192 719 ὃν
1222 677 1463 731 περιστεφὴς
1492 682 1627 729 Χλοη-

153 749 338 800 φόροισιν
368 747 526 800 ἔρνεσιν
555 749 844 789 Κατασκίοισιν
873 749 1048 800 ὀλβίσας
1078 747 1255 788 ἐνώτισε.
1287 746 1312 788 i.
1336 761 1370 787 e.
1398 761 1479 803 per
1504 752 1628 802 terga

153 815 323 872 dffuit,
354 815 427 857 ubi
458 815 595 857 minus
624 826 827 867 accurate,
856 827 903 858 ut
933 816 1096 873 opinor,
1123 816 1229 857 hanc
1259 830 1400 857 vocem
1433 814 1627 857 tractavit

154 884 378 925 Porsonus.
411 884 645 925 BLOMF.

215 952 310 1006 287.
340 952 438 1005 πρὸς
466 952 631 1010 ἡδονήν]
664 954 736 995 Ita
766 960 814 994 ut
844 954 1097 1009 voluptatem
1127 953 1310 1008 aqlfi’rat.
1349 953 1493 994 Prom.
1525 965 1626 1007 502.

156 1021 219 1062 καὶ
238 1023 380 1076 χροιὰν
399 1022 488 1062 τίνα
500 1020 665 1076 Ἔχοντ’
689 1021 739 1063 ἂν
759 1024 818 1074 εἴη
840 1024 1024 1075 δαίμοσιν
1044 1023 1142 1075 πρὸς
1155 1021 1314 1074 ἡδονήν.
1335 1021 1488 1078 Eurip.
1508 1021 1627 1062 Med.

156 1099 255 1143 771.
285 1089 409 1140 Λέξω·
442 1089 562 1144 δέχου
582 1091 626 1131 δὲ
645 1090 698 1143 μὴ
716 1091 814 1144 πρὸς
832 1092 978 1143 ἡδονὴν
997 1094 1155 1144 λόγους.
1189 1090 1287 1147 Iph.
1306 1091 1364 1131 A.
1383 1102 1509 1131 1022.
1531 1088 1629 1142 πρὸς

156 1157 300 1210 ἡδονὴν
321 1158 457 1211 φίλοις
477 1159 551 1199 Σοί
569 1157 602 1198 τ’
625 1158 675 1199 ἂν
694 1158 866 1212 γένοιτο,
890 1160 963 1201 κᾶν
985 1161 1080 1211 ἐμοῦ
1100 1159 1232 1212 χωρὶς,
1254 1157 1358 1199 τάδε.
1393 1157 1626 1198 BLOMF.

156 1227 259 1267 Post
291 1225 436 1277 ἡδονὴν
466 1240 628 1267 comma
664 1236 858 1282 ponatur,
894 1226 1080 1268 deleatur
1118 1235 1212 1283 post
1251 1227 1387 1276 πεύκη,
1429 1224 1544 1281 quod
1586 1224 1628 1266 in

155 1295 301 1344 πεύκης
320 1292 497 1334 mutavit
521 1293 771 1335 Schuetzius
790 1295 1029 1351 conjectura
1050 1293 1268 1351 probabili.

214 1362 311 1406 288.
334 1361 634 1417 χρυσοφεγγής]
653 1363 841 1403 Auream
856 1364 987 1404 lucem
1003 1364 1207 1404 emittens.
1225 1361 1377 1418 Eurip.
1392 1361 1627 1403 Phaethon.

154 1445 223 1486 ap.
247 1430 440 1472 Macrob.
464 1431 552 1472 Sat.
572 1444 608 1482 1,
629 1442 692 1485 17.
714 1430 744 1472 ὦ
764 1434 1046 1486 χρυσοφεγγὲς
1066 1431 1160 1484 ἥλι’,
1183 1432 1236 1475 ὥς
1255 1430 1292 1484 μ’
1315 1431 1539 1474 ἀπώλεσας.
1574 1431 1627 1472 ln

157 1498 361 1540 Phoeniss.
405 1511 444 1541 2.
507 1497 577 1540 Sol
617 1498 770 1541 dicitur
808 1500 1196 1555 χρυσοκολλήτοισιν
1237 1500 1421 1552 ἐμβεβὼς
1460 1500 1626 1553 δίφροις.

156 1567 390 1609 BLOMF.

212 1636 306 1690 289.
340 1636 564 1692 Μακίστου]
594 1637 758 1678 Nomen
789 1653 876 1679 esse
906 1653 987 1679 non
1018 1636 1184 1688 montis,
1212 1636 1283 1678 sed
1314 1635 1507 1688 hominis,
1529 1651 1626 1678 eon-

157 1703 290 1745 tendit
311 1703 538 1755 Heathius‚
558 1704 614 1746 ob
644 1705 872 1761 sequentia,
900 1707 921 1747 ὁ
953 1707 984 1747 δ’
1013 1708 1097 1748 οὔτι
1128 1724 1160 1747 κ.
1183 1723 1215 1746 τ.
1238 1711 1280 1746 λ.
1343 1704 1425 1746 Sed
1460 1704 1630 1746 omnino

156 1771 210 1814 de
230 1781 370 1814 monte
389 1772 671 1829 cogitandum,
696 1784 743 1815 ut
763 1774 805 1815 in
828 1774 973 1816 ceteris
995 1774 1260 1825 stationibus,
1281 1790 1378 1831 quae
1398 1785 1516 1816 erant
1534 1775 1628 1826 Ida,

156 1855 276 1883 mons
291 1842 530 1893 Hermaeus‚
554 1842 707 1893 Athos,
731 1842 954 1894 Macistus,
978 1842 1229 1900 Messapius,
1254 1843 1485 1895 Cithaeron,
1507 1843 1630 1900 AEgi-

156 1908 363 1966 planctus,
379 1910 657 1951 Arachnaeus.
688 1910 856 1952 Eretria
874 1911 1067 1953 Euboica
1088 1911 1248 1953 colonia
1268 1919 1356 1952 erat
1378 1927 1430 1952 ex
1449 1912 1631 1954 Macisto

158 1977 362 2031 Elidensi,
395 1979 565 2033 (Strabo
585 1992 651 2020 10.
671 1980 754 2033 10.)
787 1988 829 2020 et
859 1979 967 2021 forte
998 1979 1055 2021 sic
1084 1979 1303 2021 dicebatur
1334 1995 1451 2022 mons
1480 1980 1631 2037 aliquis

158 2045 353 2087 Euboeae.
416 2045 644 2088 Scholiasta
663 2045 834 2102 legerat,
857 2058 904 2089 ut
924 2047 1106 2098 videtur,
1126 2049 1311 2100 μακίστη,
1332 2047 1631 2105 interpretatur

158 2113 266 2154 enim
286 2115 456 2168 μεγίστη
476 2116 612 2166 πεύκη.
646 2115 881 2157 BLOMF.

217 2182 398 2238 σκοπαῖς]
420 2186 572 2226 σκοπᾶς
592 2184 656 2223 Μ.
681 2182 826 2225 Guelf.
858 2186 1007 2227 σκοπὰς
1029 2183 1095 2225 Fl.
1121 2185 1175 2225 T.
1198 2183 1301 2226 Ald.
1324 2185 1435 2226 Rob.

218 2263 315 2305 290.
356 2252 642 2307 ἀφρασμόνως]
687 2252 951 2305 ἆφραδμόνως
992 2254 1229 2294 Pearsonus
1266 2253 1436 2295 frustra.
1483 2253 1539 2296 V.
1575 2254 1628 2296 ad

159 2320 278 2361 Pers.
299 2330 398 2374 417.

220 2400 316 2443 293.
338 2388 601 2445 Μεσσαπίου]
626 2390 834 2431 Μεταπίου
855 2389 957 2431 Ald.
991 2391 1206 2432 Μεσαπίου
1226 2391 1364 2443 ceteri,
1386 2401 1540 2448 praeter
1562 2392 1628 2435 M.

161 2465 203 2497 et
224 2456 531 2508 Robortellum‚
553 2458 627 2514 qui
647 2460 904 2500 Μεσσαπίου.
937 2459 1083 2501 Recte.
1129 2459 1196 2500 Sic
1219 2459 1371 2501 Strabo
1390 2469 1431 2501 et
1455 2460 1631 2517 Stepha-

161 2539 242 2565 nus
274 2525 546 2582 Byzantinus.
623 2526 850 2567 Pausanias
881 2542 980 2567 vero
1014 2536 1056 2568 et
1089 2526 1268 2568 Photius
1301 2542 1377 2584 per
1414 2543 1544 2569 unum
1581 2532 1630 2569 Σ.

162 2592 278 2649 Virg.
300 2594 401 2634 AEn.
425 2605 465 2647 7,
486 2595 584 2648 691.
617 2596 672 2635 At
700 2595 942 2652 Messapus,
973 2609 1123 2651 equ-um
1153 2596 1347 2637 domitor.
1410 2596 1477 2637 Sic
1507 2596 1633 2637 etiam

165 2660 334 2702 Servius
353 2659 407 2702 ad
427 2661 530 2703 AEn.
555 2661 597 2711 8,
619 2674 659 2716 9.
722 2663 954 2704 Μεσσάπιοι
972 2678 1076 2719 gens
1098 2664 1248 2714 Italiae,
1271 2664 1473 2720 Thucyd.
1498 2675 1536 2717 7,
1559 2677 1631 2719 33.

162 2729 402 2771 scribuntur
432 2727 638 2770 Μεσάπιοι
666 2730 710 2771 in
734 2731 895 2772 Athen.
916 2744 959 2786 3,
984 2744 1006 2772 2
1009 2741 1052 2786 5.
1112 2732 1193 2772 Est
1221 2741 1359 2772 autem
1392 2732 1634 2776 Μεσσάπιος

163 2813 281 2840 mons
301 2797 492 2839 Boeotiae.
518 2796 656 2839 Schol.
678 2800 769 2852 ὄρος
795 2801 940 2852 μεταξὺ
959 2801 1134 2852 Εὐβοίας
1162 2801 1225 2841 καὶ
1246 2802 1446 2844 Βοιωτίας.
1481 2801 1633 2843 Strabo

165 2880 205 2922 9.
235 2882 276 2924 p.
303 2879 403 2922 405.
429 2866 479 2907 B.
515 2866 559 2907 ἐν
591 2866 634 2907 δὲ
667 2869 713 2919 τῇ
740 2866 977 2924 Ἀνθηδονία
1006 2868 1251 2910 Μεσσάπιον
1283 2870 1374 2922 ὄρος
1406 2870 1530 2918 ἐστὶν,
1554 2869 1632 2911 ἀπὸ

166 2936 406 2983 Μεσσάπου,
437 2949 533 2991 quae
566 2934 687 2976 vertit
720 2935 887 2978 Servius
915 2936 969 2977 ad
1001 2935 1119 2993 Virg.
1140 2937 1240 2978 AEn.
1266 2936 1304 2989 8,
1327 2950 1366 2992 9.
1398 2938 1454 2978 In
1476 2937 1632 2980 Anthe-
