1962 3224
350 206 435 249 390
823 203 1323 245 ANNOTATIONES

405 315 544 370 βάλοι]
567 314 836 356 Scribendum
857 315 965 367 βάλῃ
985 330 1079 356 eum
1102 313 1357 356 Blomfieldo.

408 382 506 436 948.
538 383 878 436 σωματοφθορεῖν]
914 383 967 422 In
990 382 1044 423 Τ.
1074 380 1130 437 gl.
1159 383 1208 422 τὰ
1228 382 1387 432 σώματα
1416 382 1591 434 φθείρειν
1619 387 1696 424 τῶν
1714 385 1789 426 ὑπὸ

350 452 477 502 χεῖρα.
518 447 785 489 Scribendum
808 452 1173 501 στρωματοφθορεῖν
1192 462 1285 489 cum
1307 449 1482 489 Aurato.
1534 449 1677 491 Minus
1696 466 1790 507 pro·

349 515 538 556 habiliter
561 514 803 555 Schuetzius
823 518 1150 568 δωματοφθορεῖν.

407 580 522 636 ποσὶ]
543 582 662 622 πόσιν
683 582 736 621 Τ.
762 581 903 635 Steph.
941 582 992 621 In
1015 582 1071 621 T.
1091 580 1146 635 gl.
1167 582 1288 633 ἄνδρα
1308 582 1450 623 ἁπλῶς.

409 661 507 702 949.
547 647 772 701 φθείροντα]
821 649 917 688 Hoc
954 647 1125 688 verbum
1166 662 1296 703 quum
1329 648 1415 703 jam
1456 648 1496 688 in
1536 649 1791 705 praecedente

351 715 477 756 verbo
501 714 757 755 contineatur
777 717 1143 767 στρωματοφθορεῖν
1172 713 1255 754 sive
1284 714 1339 754 sic
1367 714 1452 755 sive
1480 715 1596 757 aliter
1625 718 1790 772 script0‚

350 781 487 838 aptius
506 781 586 822 dici
605 781 804 837 potuisset
823 784 1031 822 πατοῦντα.
1061 782 1263 833 πορφύρας
1282 785 1419 822 πατεῖν
1439 782 1543 824 dixit
1563 798 1600 824 v.
1622 795 1718 838 957.

409 858 502 903 950.
525 847 662 903 οὕτως]
684 849 780 888 οὕτω
802 848 866 888 Fl.
890 849 946 887 T.
997 846 1172 902 Ellipsin
1203 847 1260 887 ita
1285 847 1449 903 supplet
1474 849 1680 900 Pauwius‚
1703 851 1791 902 περὶ

350 916 496 955 τούτων
542 915 616 966 μὲν
661 915 791 964 οὕτως,
829 929 924 968 quae
973 913 1075 954 ratio
1117 928 1259 954 vereor
1298 922 1346 954 ut
1383 915 1611 956 confirmari
1650 917 1790 972 possit.

354 980 573 1021 Schutzius
601 979 764 1035 conjicit
794 979 896 1021 ταῦτ’
928 981 997 1021 οὖν
1026 982 1098 1027 μὲν
1122 981 1254 1027 οὕτως,
1282 980 1394 1035 quod
1419 981 1460 1021 in
1492 990 1649 1023 textum
1683 997 1790 1024 rece-

350 1047 512 1103 pissem,
545 1046 620 1087 nisi
650 1046 858 1087 offensioni
895 1046 1068 1087 fuissent
1097 1045 1308 1101 particulae
1340 1047 1409 1088 οὖν
1439 1049 1512 1099 μὲν
1543 1048 1598 1089 sic
1632 1048 1790 1104 positae.

352 1114 530 1169 Propius
550 1128 645 1154 sane
664 1113 818 1154 accedit
837 1113 889 1154 ad
912 1113 1098 1154 usitatam
1120 1112 1352 1153 formulam.
1402 1113 1523 1154 Plato
1544 1114 1701 1170 Cratyl.
1724 1116 1788 1156 18.

352 1181 414 1221 καὶ
434 1184 554 1220 ταῦτα
574 1181 648 1231 μὲν
667 1179 712 1230 δὴ
732 1181 862 1236 ταύτῃ.
894 1180 1054 1220 Herod.
1077 1191 1117 1230 2,
1140 1181 1207 1220 60.
1230 1182 1350 1220 ταῦτα
1368 1181 1442 1231 μὲν
1462 1180 1507 1231 δὴ
1527 1183 1644 1237 ταύτῃ
1663 1181 1790 1223 ποιέε-

350 1263 425 1288 ται.
458 1247 685 1287 BLOMF.
735 1246 878 1298 τούμὸν
896 1247 970 1297 μὲν
997 1247 1116 1288 οὕτως
1146 1247 1367 1301 Emperius
1396 1245 1436 1286 in
1469 1247 1790 1288 Zimmermanni

352 1313 495 1354 Diario
516 1328 550 1353 a.
573 1313 691 1367 1835.
714 1328 755 1368 p.
775 1314 869 1367 630.

409 1390 503 1434 954.
525 1379 636 1432 αὐτὴ]
662 1379 791 1419 Recte
813 1380 905 1430 αὕτη
924 1393 1154 1434 anonymus
1173 1379 1284 1434 apud
1306 1377 1608 1422 Blomfieldum.

409 1447 502 1499 956.
525 1444 827 1499 κατέστραμμαι]
849 1445 1049 1501 Subigor.
1083 1446 1192 1485 Cum
1213 1444 1428 1495 infinitivo,
1450 1445 1553 1486 sicut
1572 1461 1639 1502 ap.
1657 1447 1791 1487 Hero—-

351 1511 435 1552 dot.
460 1523 497 1563 7,
512 1522 581 1565 51.
605 1510 935 1563 Κῦρος-Ἰωνίην
954 1511 1085 1562 πάσην
1105 1511 1396 1564 κατεστρέψατο
1417 1514 1670 1565 δασμοφόρον
1692 1513 1791 1554 εἶναι

352 1577 543 1630 Πέρσῃσι.
575 1578 802 1618 BLOMF.
854 1576 1090 1629 κατέσταμαι
1111 1578 1165 1618 T.
1187 1592 1279 1618 cum
1309 1578 1365 1633 gl.
1392 1577 1565 1620 Ἰωνικὸν
1586 1580 1787 1630 κατέστην.

352 1646 504 1697 εὕρηται
525 1644 586 1685 καὶ
608 1643 907 1696 κατέστραμμαι.
941 1643 1180 1695 καθέσταμαι
1198 1644 1238 1684 in
1261 1644 1413 1685 scholio
1432 1646 1544 1701 apud
1566 1648 1627 1687 H.
1647 1646 1787 1702 steph.

405 1725 504 1770 957.
526 1715 673 1770 δόμων]
696 1707 837 1766 δόμοαυνς
856 1715 924 1756 Fl.

408 1795 503 1835 959.
536 1781 746 1834 ἰσάργυρον
777 1781 997 1823 Salmasius
1027 1782 1208 1823 Exercit.
1231 1782 1337 1824 Plin.
1365 1798 1406 1838 p.
1426 1785 1524 1835 418.
1548 1786 1602 1827 εἰς
1621 1785 1791 1838 ἄργυρον

349 1847 456 1889 libri.
489 1853 516 1872 ‘⁶
530 1847 811 1889 Antiatticista
830 1848 870 1888 in
892 1848 1068 1890 Bekkeri
1089 1849 1249 1890 Anecd.
1271 1864 1311 1905 p.
1339 1863 1432 1900 100,
1457 1862 1520 1892 21.
1540 1850 1785 1904 Ἰσάργυρον,

351 1917 566 1968 ἰσόχρυσον
580 1933 589 1961 ;
622 1915 709 1956 ἀντὶ
742 1919 810 1956 τοῦ
844 1916 1066 1967 πολυτίμου.
1117 1916 1417 1971 Theopompus
1445 1931 1510 1972 ap.
1541 1917 1696 1958 Athen.
1726 1930 1790 1961 12.

350 1997 391 2038 p.
415 1993 437 2023 2
439 1983 507 2036 56.
531 1982 578 2022 C.
612 1982 840 2025 ἰσοστάσιος
864 1985 939 2035 γὰρ
968 1982 1017 2033 ἦν
1039 1983 1063 2033 ἡ
1091 1984 1273 2035 πορφύρα
1303 1982 1399 2035 πρὸς
1424 1984 1592 2036 ἄργυρον
1619 1985 1790 2034 ἐξεταζο-

349 2048 460 2100 μένη,
494 2048 674 2089 Stanleio
703 2048 908 2090 laudatus.
960 2048 1053 2090 Vid.
1076 2049 1275 2104 Heringae
1296 2049 1395 2090 Obs.
1416 2065 1458 2105 p.
1482 2052 1576 2101 276.
1607 2051 1790 2092 Achaeus

351 2115 507 2156 Athen.
535 2125 600 2170 15.
624 2130 663 2171 p.
686 2116 783 2169 689.
808 2117 857 2156 Β.
886 2115 1098 2168 ἰσάργυρόν
1126 2114 1157 2156 τ’
1180 2117 1219 2158 ἐς
1247 2120 1362 2169 χεῖρα
1382 2118 1551 2168 Κυπρίου
1570 2118 1683 2157 λίθου
1705 2119 1790 2158 Δώ-

351 2199 466 2223 σουσι
487 2183 648 2233 κόσμον,
671 2182 866 2235 χριμάτων
885 2182 917 2222 τ’
939 2183 1174 2235 Αἰγυπτίων.
1222 2182 1288 2222 Sic
1318 2183 1527 2235 ἰσόχρυσος
1547 2183 1789 2224 Archestra-

351 2258 417 2289 tus
438 2247 591 2288 Athen.
616 2258 652 2300 7.
674 2262 716 2303 p.
736 2258 832 2302 305.
855 2249 909 2288 E.
943 2248 1009 2288 Cf.
1032 2247 1153 2288 Iliad.
1174 2252 1224 2288 X.
1244 2248 1367 2303 351.''
1397 2249 1626 2289 BLOMF.

408 2317 503 2369 960.
525 2318 658 2365 κηκῖδα
676 2316 958 2367 παγκαίνιστον
977 2328 1204 2369 purpuram
1227 2313 1326 2355 dicit
1345 2314 1463 2369 cujus
1488 2314 1578 2355 talis
1597 2324 1657 2356 est
1674 2315 1790 2371 copia

351 2391 398 2423 ut
417 2396 464 2421 ea
484 2395 642 2436 semper
662 2380 813 2420 recenti
833 2379 967 2435 quivis
988 2380 1047 2420 uti
1068 2380 1208 2435 possit.
1240 2380 1469 2421 BLOMF.

408 2449 504 2501 961.
525 2448 642 2489 οἴκοις
662 2447 883 2487 Porsonus.
916 2446 1020 2488 οἶκος
1039 2445 1144 2488 libri.

407 2515 503 2568 963.
524 2511 554 2552 δ’
577 2512 742 2564 εἱμάτων
763 2513 979 2553 canterus.
1011 2513 1199 2564 δειμάτων
1220 2512 1325 2553 libri.

406 2579 596 2635 ηὐξάμην]
621 2578 786 2630 εὐξάμην
804 2579 945 2634 vulgo.

404 2647 460 2701 96
460 2646 600 2702 3—96
600 2655 640 2699 5.
658 2646 894 2686 Multarum
914 2646 1087 2686 vestium
1106 2645 1443 2687 conculcationem
1460 2648 1672 2697 vovissem,
1690 2649 1787 2688 υἱέας

347 2713 670 2770 Agamemnonis
698 2713 913 2753 servandae
942 2712 1104 2753 modum
1133 2713 1390 2769 excogitans,
1409 2715 1448 2754 si
1468 2715 1529 2755 ica
1555 2715 1606 2754 ab
1625 2715 1788 2755 oraculo

329 2781 497 2834 sitisset
514 2781 771 2836 imperatum.
804 2780 863 2820 Et
883 2779 938 2819 sic
956 2779 1041 2819 fere
1063 2779 1355 2835 Musgravius3
1388 2785 1415 2805 “
1429 2781 1484 2821 In
1504 2781 1664 2822 oedibus
1682 2781 1789 2822 edito

351 2848 425 2899 (sc.
447 2847 628 2900 oraculo)
633 2846 876 2901 fiztidz‘cis.”
907 2846 1134 2886 BLOMF.

407 2915 501 2967 965.
523 2912 784 2966 μηχανωμένη
807 2912 1023 2953 Stanleius.
1052 2912 1331 2965 μηχανωμένης
1350 2912 1455 2954 libri.
