1962 3224
361 202 444 241 410
833 201 1326 242 ANNOTATIONES

359 310 515 351 notavit
537 310 754 351 Stanleius.
786 310 944 351 Eodem
967 320 1167 366 apparatu
1189 320 1358 351 ornatur
1380 310 1574 365 Chryses,
1595 307 1798 364 Apollinis

360 377 559 426 sacerdos,
581 377 692 432 apud
716 378 946 417 Homerum
971 376 1023 417 11.
1046 380 1094 425 A,
1116 389 1179 428 14.
1219 377 1411 417 Ceterum
1443 375 1570 416 Stanl.
1592 384 1800 430 comparat

361 442 510 498 Eurip.
535 443 689 483 Troad.
713 456 809 496 451.
839 442 868 482 ὦ
898 443 1024 495 στέφη
1054 446 1120 483 τοῦ
1151 443 1341 495 φιλτάτου
1369 459 1435 494 μοι
1466 445 1576 490 θεῶν,
1608 439 1798 493 ἀγάλματ’

362 511 460 556 effla,
492 509 660 562 Χαίρετ’·
694 507 892 559 ἐκλέλοιφ’
927 511 1073 560 ἑορτὰς,
1105 510 1165 551 αἶς
1193 508 1342 560 πάροιθ’
1368 507 1610 561 ἠγαλλόμην.
1637 506 1707 547 Ἴτ’
1737 505 1798 547 ἀπ’

363 577 456 626 ἐμοῦ
476 575 623 628 χρωτὸς
643 579 899 627 σπαραγμοῖς.
933 574 1025 614 Vid.
1048 575 1167 615 etiam
1192 575 1363 630 Hippol.
1387 576 1480 615 806.
1515 574 1744 614 BLOMF.

425 643 544 684 1266.
568 642 633 694 σὲ]
659 642 739 693 σφε
761 640 1040 680 Casaubonus.
1086 642 1292 682 Neutrum
1314 640 1519 681 satisfacit.
1560 638 1708 680 Paullo
1727 653 1800 694 ap-

362 706 444 747 tius
467 708 573 747 foret
594 707 653 747 τά.

422 775 544 826 1267.
585 774 718 825 ἀγαθὼ
753 772 783 812 δ’
823 774 1054 826 ἀμείψομαι]
1094 773 1361 814 scribendum
1394 774 1471 826 ἐγὼ
1501 773 1532 813 δ’
1563 771 1623 823 ἅμ’
1657 771 1804 824 ἕψομαι

362 854 454 880 cum
478 839 565 879 viro
585 839 706 880 docto
727 839 841 894 apud
864 839 1190 879 Scholefieldum.

424 907 544 949 1268.
567 907 681 960 ἄτην]
709 906 853 946 Lectio
874 905 1027 947 vitiosa.
1059 906 1187 956 ἄλλην
1209 920 1287 945 non
1310 904 1404 945 satis
1425 904 1686 960 probabiliter
1710 918 1801 944 con-

360 971 460 1025 jecit
483 971 537 1012 Is.
556 972 738 1012 Vossius.

426 1050 544 1090 1270.
574 1039 822 1080 ἐπώπτευσας
843 1039 898 1079 Τ.
925 1037 1167 1081 ἐπόπτευσας
1189 1039 1286 1092 (hoc
1306 1038 1495 1090 accentu)
1521 1037 1662 1093 steph.
1704 1037 1805 1077 Post

363 1103 475 1143 hunc
497 1118 657 1143 versum
681 1103 875 1144 nonnulla
894 1104 1089 1145 excidisse
1110 1104 1317 1146 videntur.

429 1182 444 1209 1
455 1180 548 1222 271.
570 1171 838 1210 Hermannus
854 1170 951 1225 legit
974 1171 1299 1223 καταγελωμένην
1314 1171 1416 1223 μέγα
1432 1171 1561 1222 φίλων
1576 1167 1638 1209 ὑπ’
1657 1169 1806 1220 ἐχθρῶν

366 1236 411 1275 οὐ
445 1237 683 1289 διχορρόπως
715 1236 909 1287 μάτην-.
970 1238 1080 1278 Utut
1115 1237 1202 1277 haec
1234 1237 1329 1286 sint,
1360 1245 1468 1276 certe
1497 1234 1714 1275 delendum
1747 1242 1807 1273 est

366 1317 525 1342 comma
564 1311 656 1357 post
694 1304 870 1355 ἐχθρῶν;
921 1302 1076 1358 quippe
1116 1302 1403 1358 conjungenda
1440 1311 1535 1342 sunt
1575 1302 1724 1354 ἐχθρῶν
1762 1298 1807 1340 οὒ

368 1367 615 1421 διχορρόπως.
640 1369 786 1424 Suppl.
808 1380 903 1422 979.
926 1369 1010 1409 ἐπεὶ
1030 1372 1197 1421 σωτῆρες
1224 1370 1268 1409 οὐ
1298 1367 1545 1421 διχορρόπως.
1578 1366 1806 1407 BLOMF.

369 1436 464 1475 Non
486 1435 691 1476 sufficiunt
713 1436 800 1477 haec
820 1437 872 1476 ad
892 1436 1017 1491 hujus
1036 1436 1113 1477 loci
1134 1435 1231 1476 vitia
1252 1435 1444 1476 tollenda.

431 1510 550 1555 1273.
581 1502 734 1556 φοιτὰς]
756 1504 826 1542 An
857 1502 1073 1557 legendum
1097 1502 1272 1555 φοιβάςῖ
1301 1501 1448 1556 Eurip.
1474 1499 1637 1540 Hecub.
1662 1499 1755 1552 815.
1784 1497 1809 1548 ἡ

370 1570 522 1619 Φοιβὰς
540 1567 588 1618 ἣν
609 1572 774 1608 καλοῦσι
797 1570 1033 1620 Κασάνδραν
1053 1570 1219 1620 Φρύγες.
1252 1568 1481 1608 BLOMF.

431 1644 554 1686 1274.
575 1634 776 1687 λιμοθνὴς]
801 1634 1064 1675 Scribebatur
1083 1633 1282 1685 λιμόθνης.

434 1710 552 1753 1275.
575 1700 762 1751 ἐκπράξας
784 1700 866 1754 ἐμέ]
894 1701 1103 1741 Ulciscens
1122 1714 1195 1740 me.

434 1776 553 1818 1277.
585 1765 664 1805 ἀντ’
698 1767 877 1816 ἐπίξηνον
899 1768 1097 1806 Auratus.
1129 1766 1382 1815 ἀντεπίξηνον
1405 1764 1509 1806 libri.
1569 1762 1809 1804 Notandum

373 1842 507 1872 autem
538 1832 627 1872 ἀντί
653 1832 836 1886 genitivo
866 1847 987 1886 quem
1019 1832 1122 1886 regit
1151 1832 1438 1886 postpositum,
1459 1840 1599 1871 contra
1628 1829 1810 1885 regulam

373 1898 743 1953 grammaticorum,
776 1898 847 1952 qui
879 1900 968 1938 ἀντί
995 1898 1100 1938 inter
1129 1898 1434 1953 praepositiones
1467 1907 1683 1937 numerant
1717 1911 1811 1936 ana-

375 1965 568 2019 strophen
606 1979 686 2004 non
721 1964 993 2004 admittentes.
1040 1964 1282 2015 Γανυμήδεος
1315 1966 1400 2005 ἄντι
1434 1964 1584 2019 legitur
1617 1964 1657 2004 in
1693 1977 1812 2003 versu

375 2041 507 2085 poetae
523 2030 625 2085 epici
641 2032 752 2085 apud
769 2030 891 2070 schol.
908 2031 958 2070 ad
977 2031 1123 2086 Eurip.
1143 2030 1296 2071 Troad.
1313 2031 1405 2072 822.
1423 2040 1463 2071 et
1477 2030 1529 2071 ad
1547 2032 1678 2070 Orest.
1692 2029 1810 2082 1376.

437 2098 558 2150 1278.
600 2098 760 2152 κοπείσῃ
802 2098 1009 2137 Porsonus
1048 2113 1097 2137 ex
1137 2097 1370 2150 conjectura
1408 2095 1635 2137 Abreschii.
1696 2094 1813 2135 Libri

379 2168 571 2216 κοπείσης.
633 2164 902 2205 Scribendum
926 2170 1115 2206 κοπεῖσαν
1133 2180 1225 2205 cum
1247 2159 1421 2204 Aul-ato.

438 2232 558 2282 1284.
599 2232 681 2280 ἄξει
714 2232 923 2270 Porsonus
962 2246 1012 2270 ex
1052 2231 1285 2284 conjectura
1325 2229 1505 2270 Stanleii.
1565 2228 1815 2270 Revocanda

377 2297 573 2336 librorum
597 2297 797 2350 scriptura
817 2297 924 2345 ἄξειν
939 2306 978 2336 et
997 2304 1089 2336 ante
1107 2296 1214 2335 hunc
1230 2310 1388 2335 versum
1405 2295 1661 2336 collocandus
1677 2309 1814 2336 versus

383 2375 502 2415 1290.
535 2363 729 2412 ὀμώμοται
759 2364 834 2414 γὰρ
869 2363 981 2413 ὅρκος
1015 2363 1057 2401 ἐκ
1090 2365 1188 2402 θεῶν
1221 2360 1356 2413 μέγας.
1416 2361 1535 2411 Quod
1572 2361 1674 2401 vidit
1705 2362 1814 2400 Her-

381 2443 565 2468 mannus,

442 2495 562 2547 1285.
595 2493 781 2547 κάτοικος]
808 2493 952 2533 Lectio
980 2492 1135 2533 vitiosa.
1169 2492 1386 2545 κάτοικτρος
1414 2494 1479 2534 vel
1509 2493 1690 2536 κάτοκνος
1717 2507 1814 2533 con-

375 2561 475 2617 jecit
495 2560 794 2607 VVakefieldus,
818 2560 1013 2602 κάτοικτος
1036 2559 1225 2614 Scaliger.
1259 2561 1299 2600 τί
1325 2559 1401 2611 δῆτ’
1425 2562 1501 2612 ἐγὼ
1529 2559 1607 2601 κατ’
1630 2561 1730 2602 εἰκὸς
1753 2558 1813 2600 ὧδ’

383 2627 610 2674 ἀναστένω;
647 2642 724 2681 quo
745 2641 820 2682 ego
841 2628 981 2666 decoro
1002 2641 1031 2666 s.
1059 2640 1141 2681 qua
1170 2627 1330 2666 ratione
1355 2628 1416 2667 sic
1443 2628 1641 2667 lamentor
1656 2628 1676 2666 ,9
1720 2639 1816 2665 con-

377 2695 477 2750 jecit
497 2693 719 2748 Emperius
738 2693 779 2733 in
810 2692 1129 2733 Zimmermanni
1150 2692 1292 2732 Diario
1311 2708 1336 2733 a
1356 2694 1474 2747 1835.
1496 2707 1537 2748 p.
1562 2694 1656 2747 633.
1717 2693 1818 2732 Post

385 2760 586 2801 ἀναστένω
613 2769 791 2815 ponatur
817 2759 977 2814 signum
1012 2759 1303 2814 interrogandi,
1335 2768 1427 2814 post
1458 2759 1622 2811 ἔπραξεν
1653 2766 1693 2799 et
1726 2767 1819 2812 post

387 2828 509 2878 κρίσει
528 2835 738 2867 commata.

448 2893 565 2934 1288.
589 2893 647 2946 ἐν]
670 2894 711 2933 ἐκ
732 2892 795 2933 Fl.
