1962 3224
395 218 480 262 472
869 215 1348 261 ANNOTATIONES

394 332 506 382 τῆρος
531 330 696 382 ἄκρατον
729 328 799 382 ᾖρέ
826 346 895 373 τις.
944 330 1079 371 Aliter
1106 338 1238 370 tamen
1266 332 1400 366 narrat
1427 318 1693 362 Philochorus
1715 311 1833 363 ibid„

393 410 436 451 p.
454 397 548 450 693.
570 397 621 437 E.
655 397 882 437 BLOMF.

451 473 547 516 579.
579 466 648 503 νῦν
666 464 734 503 ουν
755 462 1032 503 Blomfieldus.
1064 464 1204 502 συνοῦν
1221 460 1300 509 Μ.,
1321 472 1434 498 eraso
1453 454 1586 511 priore
1616 469 1651 493 v.
1682 451 1730 491 σὺ
1749 448 1819 489 οὖν

397 528 1010 570 Guelf.Ald.Rob.‹r1*›5'm*2v
1032 530 1163 569 Turn
1187 525 1325 582 Steph.

451 607 547 659 580.
569 607 781 659 συμβαίνῃ]
807 589 1014 657 συμβαίνει
1035 606 1096 644 Μ.

450 672 504 723 58
514 683 547 710 [.
567 671 716 725 ὑμῖν]“
697 675 793 720 υμᾶς
812 680 1037 710 correctum
1058 669 1098 708 in
1122 669 1223 708 libro
1244 664 1473 721 BigotianO.

450 735 547 786 582.
575 735 707 787 σιγᾶν]
735 734 937 774 Stanleius
962 733 1133 773 contulit
1157 733 1292 772 OEheb.
1309 734 1404 784 615.
1436 730 1553 769 Φιλεῖ
1578 727 1619 766 δὲ
1646 725 1775 775 σιγᾶν,
1801 719 1824 784 ἦ

396 796 532 847 λέγειν
551 799 598 836 τὰ
618 799 756 847 καίρια.
789 797 879 846 (ubi
900 796 993 834 vide
1022 797 1178 846 notata)
1201 806 1241 835 et
1262 791 1620 847 Prometh.1gnif.
1644 793 1771 842 Σιγῶν
1792 786 1823 827 θ’

397 860 495 898 ὅπου
530 862 600 906 δεῖ,
636 860 698 898 καὶ
728 859 858 910 λέγων
889 861 937 898 τὰ
973 860 1109 909 καίρια.
1170 859 1236 898 Sic
1264 860 1484 913 Sophocles
1517 858 1619 898 OEd.
1652 858 1701 897 C.
1733 854 1826 895 808.

396 922 523 972 Χωρὶς
541 923 586 961 τό
606 921 637 960 τ’
659 924 782 961 ειπεῖν
800 925 947 968 πολλὰ,
971 923 1032 962 καὶ
1050 923 1094 962 τὸ
1117 923 1254 973 καίρια.
1286 924 1515 962 BLOMF.

452 987 552 1040 583.
572 986 708 1040 τούτῳ]
731 986 892 1040 Pyladi.
924 986 1092 1026 Monuit
1113 985 1336 1025 scholiasta.

453 1052 552 1106 584.
575 1051 810 1107 ὀρθώσαντι]
833 1053 1046 1104 ὀρθώσοντι
1066 1051 1366 1105 Bambergerus
1384 1049 1410 1089 l.
1431 1064 1464 1089 c.

454 1118 976 1173 585-593=594—-602·

455 1186 976 1239 603—612=613-622.

456 1251 975 1305 623—630=631—638.

457 1317 651 1370 639—64
652 1319 902 1372 5--646—6
905 1330 930 1370 5
938 1329 976 1358 2.

455 1383 552 1436 585.
574 1386 625 1434 γᾶ
647 1382 899 1423 Schuetzius.
935 1385 1010 1436 γὰρ
1032 1379 1094 1424 Μ.
1119 1383 1260 1424 Guelf.
1285 1381 1383 1424 Ald.
1401 1381 1509 1422 Rob.
1545 1379 1580 1432 γ’
1603 1380 1674 1432 ἀὴρ
1695 1381 1830 1420 Turn.

403 1447 547 1502 Steph.
598 1449 720 1497 Quod
751 1448 849 1503 legit
878 1449 1103 1489 scholiasta.
1155 1451 1347 1489 Ceterum
1372 1449 1468 1502 585.
1491 1448 1587 1501 586.-
1607 1455 1647 1487 et
1662 1446 1703 1487 in
1724 1445 1830 1486 anti-

402 1514 569 1568 stropho
588 1526 686 1567 594.
707 1525 805 1569 595.
826 1515 866 1554 in
890 1530 1017 1555 unum
1038 1529 1198 1555 versum
1222 1513 1508 1569 conjungendi.

457 1580 554 1633 586.
579 1583 685 1621 δεινὰ
705 1580 922 1621 Heathius.
954 1583 1062 1621 δεινὰ
1081 1581 1143 1621 καὶ
1162 1579 1268 1620 libri.

457 1646 554 1698 589.
577 1646 814 1700 βλαστοῦσι]
837 1646 981 1686 Lectio
1000 1646 1155 1686 vitiosa.
1186 1645 1408 1696 βλάπτουσι
1429 1646 1636 1686 Butlerus.

458 1712 677 1764 πεδαίχμιοι
698 1713 759 1751 M.
783 1712 892 1752 Rob.
922 1713 1144 1765 ποδαίχμιοι
1163 1711 1264 1752 Ald.
1293 1713 1511 1765 μεταίχμιοι
1533 1713 1668 1752 Turn.
1689 1710 1828 1766 Steph.

456 1788 552 1830 590.
573 1777 753 1829 πεδάοροι
773 1793 824 1818 ex
846 1778 1012 1818 Stanleii
1033 1777 1264 1832 conjectura
1282 1777 1446 1832 legitur.
1492 1778 1704 1831 πεδάμαροι
1722 1777 1829 1819 libri.

403 1842 637 1892 Scholiasta,
667 1843 771 1893 οἶμαι
804 1843 900 1891 (hoc
930 1844 1164 1883 correctoris
1189 1843 1355 1883 verbum
1389 1853 1449 1883 est
1479 1844 1660 1884 similiter
1692 1844 1734 1883 in
1762 1845 1828 1884 M.

401 1917 642 1961 usurpatum
673 1909 724 1948 ad
756 1924 792 1948 v.
813 1922 910 1962 311.
932 1919 971 1949 et
991 1912 1110 1962 409.)
1132 1909 1322 1960 πέδουροι,
1350 1908 1397 1949 ἵν’
1418 1908 1443 1964 ᾗ
1472 1909 1515 1949 τὸ
1547 1910 1832 1961 σημαινόμενον

398 1972 595 2024 μετέωροι.
640 1974 895 2023 Quibuscum
919 1974 1118 2030 Hesychii
1137 1974 1191 2030 gl.
1213 1975 1418 2027 πέδουροςε
1450 1976 1640 2027 μετέωρος
1669 1990 1831 2031 compa-

398 2037 503 2078 ravit
526 2039 740 2080 Stanleius.
791 2040 914 2081 Alius
941 2041 1165 2090 scholiasta,
1190 2043 1229 2082 αἱ
1255 2043 1404 2084 ἀκτῖνες
1432 2045 1499 2082 τοῦ
1527 2043 1638 2093 ἡλίου
1659 2043 1699 2083 αἱ
1719 2046 1832 2094 καθη-

396 2106 561 2155 μεριναί·
593 2121 716 2160 quem
737 2106 946 2160 πεδάμεροι
966 2107 1108 2163 legisse
1129 2107 1255 2147 videri
1276 2107 1503 2147 observavit
1527 2107 1741 2149 Stanleius.

453 2183 549 2223 591.
570 2172 709 2226 πτηνά]
735 2173 1002 2213 Scribendum
1023 2172 1150 2214 πτανά
1169 2187 1261 2213 cum
1284 2172 1447 2213 Bothio.

455 2237 942 2294 xdveffiaoe'vrmv—cppdffac]
965 2240 1102 2279 Locus
1122 2250 1351 2294 corruptus,
1382 2243 1409 2263 ‘⁶
1422 2238 1591 2279 correxi
1607 2241 1818 2292 κᾶνεμόεντ-

396 2301 683 2355 ἂν-φράσαις,
706 2306 929 2345 describere
944 2306 1107 2360 possis;
1138 2304 1202 2345 cui
1220 2304 1352 2345 statim
1369 2305 1590 2360 opponitur
1610 2306 1699 2347 ἀλλ’
1715 2307 1829 2359 ὑπέρ-

395 2373 542 2419 τολμον
561 2369 699 2421 ἀνδρὸς
719 2371 900 2422 φρόνημα
919 2372 975 2413 τίς
994 2371 1043 2411 ἂν
1060 2370 1172 2423 λέγοι
1187 2389 1196 2418 ;
1248 2372 1314 2411 De
1334 2371 1516 2426 optativo
1536 2372 1705 2424 φράσαις
1733 2388 1827 2414 con—

395 2433 472 2474 suli
492 2444 625 2490 potest
646 2435 865 2476 Elmsleius
883 2436 934 2476 ad
957 2437 1102 2492 Eurip.
1126 2437 1241 2478 Med.
1263 2439 1383 2492 319.''
1409 2438 1637 2479 BLOMF.
1677 2439 1827 2492 φράσαι

394 2515 469 2556 per
490 2503 679 2552 ἐννόησον
699 2502 875 2558 explicat
896 2503 1120 2544 scholiasta.

449 2579 545 2621 595.
567 2570 662 2622 Ι596.
686 2568 912 2609 Deleantur
931 2579 1130 2610 commata
1144 2578 1236 2625 post
1255 2569 1367 2622 λέγοι
1383 2580 1423 2611 et
1437 2580 1529 2626 post
1548 2573 1761 2623 τλημόνων.

449 2636 547 2688 596.
578 2634 735 2689 φρεσὶν]
757 2636 928 2687 φρεσσὶν
949 2636 1011 2676 Μ.
1037 2636 1178 2677 Guelf.
1229 2636 1451 2677 Scholiasta
1469 2638 1680 2693 conjungit
1700 2639 1756 2680 τίς
1776 2638 1824 2678 ἂν

393 2700 507 2753 λέγοι
527 2702 693 2753 φρεσίν;
727 2702 812 2742 ἀντὶ
832 2706 899 2742 τοῦ
919 2702 1154 2753 ἐννοήσειεν.
1186 2703 1266 2743 Sed
1287 2704 1429 2756 φρεσὶν
1444 2705 1644 2755 τλημόνων
1658 2703 1824 2760 ponitur

394 2781 469 2822 pro
488 2768 801 2820 ταλασιφρόνων.
832 2769 1058 2809 BLOMF.

448 2843 546 2886 597.
587 2834 648 2874 καὶ
686 2835 944 2889 παντόλμους]
984 2837 1046 2877 καὶ
1090 2846 1198 2877 recte
1235 2836 1343 2877 delet
1382 2836 1638 2880 Klausenius.
1701 2835 1818 2876 Idem
