1962 3224
391 199 474 240 482
858 202 1351 247 ANNOTATIONES

387 307 495 350 τῶνδ’
517 309 741 360 ἀπαλλάξαι
770 311 912 351 πόνων.
961 312 1061 366 536.
1092 312 1160 354 Εἰς
1185 312 1230 352 τὸ
1256 314 1334 352 πᾶν
1362 311 1406 352 δέ
1437 327 1501 352 σοι
1523 311 1628 364 λέγω
1653 309 1660 361 Ι
1684 310 1820 361 βωμὸν

388 374 542 416 αἶδέσαι
563 376 696 419 Δίκας.
741 377 836 431 889.
863 377 977 418 Εἶναι
1007 378 1159 420 δικαίως
1179 379 1232 420 εἷς
1258 377 1302 418 τὸ
1329 380 1408 419 πᾶν
1427 377 1632 429 τιμωμένη.
1668 375 1819 430 Eurip.

388 441 556 482 Herael.
595 443 693 496 576.
730 444 784 485 εἷς
822 443 866 483 τὸ
901 447 979 484 πᾶν
1013 445 1173 496 σοφούς.
1234 444 1300 486 Sic
1335 446 1375 488 ἐς
1406 446 1454 485 τὰ
1484 444 1664 497 μέγιστα,
1697 457 1820 499 quam

386 510 580 559 maxime,
602 509 806 550 Herodot.
830 511 870 559 8,
896 522 987 562 ¹44·
1020 511 1247 552 BLOMF.

443 576 503 616 ἀεὶ
523 574 657 629 ξένον]
682 577 856 626 ἆείξενον
878 577 1149 618 Schneiderus
1167 578 1209 617 in
1229 578 1371 619 lexico,

444 642 539 682 686.
559 642 744 696 λέβητος]
772 643 900 683 Urnae
918 642 972 683 ad
991 642 1142 684 cineres
1162 643 1392 685 servandos,
1420 644 1574 698 Agam.
1589 656 1686 698 430.
1708 641 1821 696 ἀντή-

387 723 498 759 νορος
536 711 683 749 σποδοῦ
716 710 881 760 γεμίζων
910 708 1083 760 λέβητας
1112 709 1302 757 εὐθέτους,
1337 709 1409 749 ubi
1438 709 1520 749 vid.
1552 709 1820 750 Glossarium.

388 774 513 829 Soph.
547 773 613 814 El.
647 776 741 828 756.
770 776 850 815 Καί
876 791 937 815 νιν
956 778 1056 828 πυρᾷ
1092 774 1248 817 κέαντες
1280 775 1400 823 εὐθὺς,
1434 777 1477 816 ἐν
1503 779 1650 829 βραχεῖ
1673 776 1820 829 Χαλκῷ

384 839 572 893 μέγιστον
616 845 727 892 σῶμα
757 841 930 883 δειλαίας
967 843 1116 881 σποδοῦ
1154 840 1350 893 Φέρουσιν
1390 842 1527 894 ἄνδρες
1555 841 1723 883 Φωκέων
1760 858 1820 883 τε·

386 905 584 959 ταγμένοι,
609 910 746 948 ’Όπως
767 905 946 961 πατρῴας
965 908 1115 958 τύμβον
1136 906 1283 962 ἐκλάχῃ
1302 908 1455 959 χθονός.
1488 908 1717 948 BLOMF.

441 973 714 1027 πλευρώματα]
736 972 895 1013 Eadem
918 987 1022 1013 urna
1040 972 1190 1013 dicitur
1209 974 1368 1031 τύπωμα
1390 974 1689 1026 χαλκόπλευρον
1708 973 1821 1029 apud

389 1039 579 1095 Sophocl.
612 1039 679 1080 El.
702 1050 770 1094 54.
801 1048 968 1080 notante
1000 1038 1191 1080 Stanleio.
1223 1039 1360 1080 Theb.
1383 1039 1480 1092 887.
1506 1040 1823 1094 ὁμοσπλάγχνων

385 1106 688 1158 πλευρωμάτων.
721 1106 948 1147 BLOMF.

441 1160 538 1227 691.
574 1174 684 1227 ΗΛ.]
716 1176 796 1226 θερ.
825 1172 870 1227 (i.
891 1188 927 1213 e.
958 1172 1191 1226 θεράπαινα)
1223 1172 1333 1213 Rob.
1365 1181 1412 1213 ut
1436 1188 1473 1214 v.
1501 1174 1597 1214 668.
1625 1173 1822 1230 Clytaem-

386 1247 534 1280 nestrae
554 1239 631 1280 hoc
651 1254 790 1281 versus
810 1238 1050 1280 tribuendos
1067 1254 1152 1280 esse
1166 1239 1372 1280 verissime
1391 1241 1550 1282 monuit
1570 1242 1734 1282 Portus.

444 1306 481 1347 οἳ
498 1305 584 1361 ’γὼ]
605 1306 646 1347 οἶ
663 1307 739 1359 ἐγὼ
759 1305 864 1347 libri.

444 1372 571 1413 ἐνθάδ’
604 1373 739 1413 Turn.
770 1382 811 1413 et
842 1372 984 1428 steph.
1015 1371 1273 1428 interpolatio
1292 1382 1363 1413 est.
1406 1374 1450 1414 ἐν
1478 1373 1569 1414 πᾶσ’
1592 1375 1656 1414 Μ.
1679 1374 1823 1415 Guelf.

387 1439 491 1480 Ald.
515 1439 626 1480 Rob.
648 1449 850 1495 corrupte.

445 1507 541 1561 693.
582 1505 756 1561 ἐπωπᾷς]
799 1507 969 1547 ἐπωπαῖς
1001 1505 1066 1546 Μ.
1107 1505 1249 1546 Guelf.
1285 1505 1386 1546 Ald.
1437 1505 1495 1546 ἐπ’
1531 1506 1652 1549 ὠπαῖς
1687 1507 1823 1548 Turn.

389 1572 574 1628 Hesych.
594 1571 782 1626 Ἐπωπᾷε
816 1573 957 1626 ἐφορᾷ,
979 1573 1194 1614 ἐποπτεύει.
1244 1573 1369 1612 Eum.
1393 1583 1485 1626 275.
1507 1573 1760 1628 δελτογράφῳ
1781 1569 1824 1614 δὲ

387 1638 497 1679 πάντ’
521 1640 656 1693 ἐπωπᾷ
677 1640 803 1692 φρενί.
837 1641 933 1693 969.
954 1639 1013 1680 ὅτι
1030 1655 1096 1690 μοι
1115 1642 1308 1691 γλῶσσαν
1328 1638 1390 1678 καὶ
1405 1637 1513 1690 στόμ’
1537 1640 1683 1692 ἐπωπᾷ.
1716 1641 1824 1680 Con-

389 1705 558 1746 structio
587 1717 647 1746 est
678 1707 834 1759 ἐπωπᾷς
863 1707 997 1746 πολλὰ
1027 1705 1090 1746 καὶ
1116 1706 1288 1746 ἐκποδὼν
1319 1706 1361 1746 εὖ
1395 1707 1563 1757 κείμενα.
1593 1720 1691 1757 non,
1711 1707 1824 1762 quod

389 1771 583 1813 Pauwius
608 1771 752 1823 voluit,
783 1773 939 1826 ἐπωπᾷς
966 1773 1111 1819 πολλὰ,
1140 1772 1485 1823 καὶ-ἀποψιλοῖς.
1544 1772 1709 1814 Dicitur
1725 1773 1826 1826 Ἀρὰ

388 1838 600 1879 collineare
630 1838 796 1894 sagittas
816 1838 880 1878 vel
908 1837 950 1878 in
970 1853 1028 1888 ea,
1049 1852 1144 1893 quae
1175 1852 1354 1878 seorsum
1385 1838 1425 1878 in
1452 1847 1544 1879 tuto
1562 1839 1695 1894 posita
1715 1840 1825 1881 vide-

388 1914 522 1946 antur.
553 1906 782 1946 BLOMF.

446 1973 541 2026 696.
564 1972 739 2022 εὐβόλως
759 1973 979 2012 Porsonus.
1011 1972 1210 2023 εὐβούλως
1229 1970 1332 2011 libri.

447 2039 622 2090 εὐβόλως
651 2038 769 2092 ἔχων]
791 2039 994 2094 Prospero
1007 2039 1136 2093 jactu
1161 2052 1274 2079 usus.
1321 2037 1473 2078 Pollux
1493 2052 1533 2093 9,
1555 2052 1611 2093 94
1631 2041 1675 2082 ἐν
1693 2041 1827 2093 μέντοι

389 2122 435 2157 γε
455 2109 537 2147 τοῖς
557 2105 690 2155 κύβοις
708 2104 752 2144 τὸ
774 2107 996 2155 δυσκυβεῖν,
1019 2105 1081 2145 καὶ
1106 2104 1297 2155 εὗκυβεῖν,
1319 2103 1556 2155 ὀνομάζεται·
1587 2107 1653 2147 καί
1668 2123 1742 2147 που
1764 2107 1826 2148 καὶ

389 2170 433 2211 τὸ
454 2172 668 2221 δύσβολον,
693 2171 755 2210 καὶ
774 2169 817 2210 τὸ
839 2171 1010 2221 εὕβολον
1031 2169 1145 2211 εἶναι.
1167 2168 1363 2210 Aristaen.
1386 2183 1424 2219 Ι,
1444 2182 1508 2224 23.
1532 2172 1599 2221 ἐμὲ
1618 2174 1693 2224 γὰρ
1713 2189 1826 2213 κατα-

390 2237 576 2277 νάλωσαν
597 2237 798 2287 ἄπληστος
820 2237 967 2288 ἑταίρα,
991 2236 1052 2277 καὶ
1076 2236 1220 2277 πεσσοὶ
1244 2236 1448 2278 πίπτοντες
1467 2237 1616 2290 ἆτυχῶς
1633 2240 1707 2289 μὲν
1726 2240 1824 2290 ἐμοὶ,

391 2303 660 2354 εὐβολώτερον
680 2303 722 2342 δὲ
742 2306 822 2344 τοῖς
843 2303 1043 2344 ἐναντίοις.
1104 2302 1173 2342 Ita
1194 2300 1412 2342 Salmasius
1431 2317 1507 2358 pro
1528 2304 1824 2357 εὐβουλότερον,

389 2369 589 2424 probante
619 2367 932 2409 Hemsterhusio
961 2367 1014 2408 ad
1045 2367 1224 2408 Pollucis
1252 2367 1400 2418 locum,
1429 2369 1539 2409 unde
1564 2370 1828 2413 confirmatur

388 2435 430 2475 in
453 2435 528 2475 hoo
549 2449 667 2475 versu
690 2433 861 2474 Porsoni
881 2433 1089 2474 correctio.
1149 2434 1348 2489 Ejusdem
1374 2435 1621 2478 confusionis
1640 2438 1827 2494 exempla

389 2501 503 2542 dedit
525 2499 800 2542 Boissonadus
820 2499 873 2540 ad
892 2499 1086 2541 Aristaen.
1108 2515 1148 2555 p.
1169 2513 1267 2554 539.
1300 2502 1527 2543 BLOMF.

447 2570 543 2622 697.
563 2568 708 2620 πηλοῦ]
735 2566 869 2607 Sehol.
890 2567 1089 2619 παροιμία,
1112 2567 1183 2617 ἔξω
1205 2570 1331 2618 πηλοῦ
1348 2570 1448 2609 πόδα
1472 2569 1593 2622 ἔχειν.
1654 2572 1719 2612 De
1749 2571 1825 2613 hoc

390 2633 605 2690 proverbio
625 2633 709 2674 dixi
730 2633 781 2673 ad
803 2634 940 2673 Prom.
964 2645 1057 2686 271.
1089 2633 1319 2674 BLOMF.

448 2700 543 2754 698.
574 2703 643 2740 νῦν
663 2698 714 2753 δ’]
749 2700 843 2740 Ηοο
870 2699 925 2740 sie
945 2698 1148 2755 explicant
1166 2699 1406 2756 interpretes
1434 2711 1481 2743 ut
1501 2705 1570 2743 νῦν
1590 2703 1634 2744 δέ
1652 2713 1743 2759 post
1765 2706 1826 2746 καὶ

392 2770 461 2808 νῦν
500 2765 717 2822 repetitum
752 2780 837 2806 esse
876 2765 1013 2807 dicant
1050 2776 1218 2822 propter
1255 2766 1532 2823 interpositam
1567 2770 1825 2825 parenthesin

390 2833 610 2884 ἢν-πόδα,
642 2834 721 2886 νῷν
741 2831 772 2872 δ’
796 2832 987 2888 Scaliger.

446 2899 655 2953 βακχείας]
678 2900 848 2952 βακχίας
870 2900 933 2940 Μ.
956 2898 1096 2940 Guelf.
