1962 3224
366 184 451 226 536
841 188 972 229 ANN
975 188 1173 229 OTATI
1179 188 1259 229 ΟΝ
1263 188 1334 228 ES

365 294 527 351 reliqui.
559 296 630 347 ἔξω
661 297 789 348 νόμων
817 296 1108 352 interpretatur
1136 296 1363 347 scholiasta,
1393 310 1516 352 quem
1545 295 1645 348 πέρα
1674 297 1802 347 νόμων

367 362 510 417 legisse
529 363 690 418 conjicit
712 362 976 404 Wieselerus.

422 429 584 484 βρότεα]
604 429 750 482 βρέτεα
771 430 825 470 Τ.
850 430 987 470 Turn.
1012 429 1153 484 Steph.

428 505 520 548 172.
544 497 709 549 Μοίρας]
736 496 802 535 De
822 495 884 535 his
904 510 947 535 v.
970 506 1066 547 724.

427 573 519 613 174.
543 562 658 611 κάμοί
675 562 735 614 τε]
760 562 876 612 κάμοί
896 578 943 614 γε
964 562 1208 602 Pearsonus.

423 627 582 682 λυπρὸς]
603 628 736 679 πικρὸς
757 629 850 668 Par.

423 693 645 748 ἐκλύσεται]
678 693 897 734 Notandus
927 693 1119 734 transitus
1147 692 1200 733 ab
1230 692 1406 733 secunda
1432 692 1483 733 ad
1515 693 1673 733 tertiam
1706 708 1797 748 per-

365 774 516 800 sonam.

425 835 472 877 17
476 837 518 878 5.
540 826 676 877 φυγὼν
696 826 915 866 Porsonus.
944 826 1100 878 φεύγων
1122 826 1224 867 libri.

425 893 517 944 176.
538 892 593 932 ὢν
612 891 643 933 δ’
666 893 885 934 PorsonuS.
916 892 947 934 δ’
969 893 1023 933 ὢν
1043 892 1148 934 libri.

424 958 518 1010 178.
555 959 718 1012 ἐκείνου]
753 959 1022 999 Scribendum
1053 961 1096 1001 ἐκ
1126 960 1265 1006 κείνου,
1292 964 1386 1014 post
1413 958 1532 1007 illud,
1563 957 1674 1013 quod
1704 969 1798 1000 ante

362 1038 505 1079 passus
525 1035 598 1065 est.
659 1026 727 1065 Ita
749 1026 873 1081 Soph.
897 1025 1005 1066 Phil.
1030 1026 1126 1080 685.
1150 1026 1337 1076 εὐδαίμων
1356 1025 1492 1064 ἆνύσει
1517 1025 1579 1064 καὶ
1602 1025 1724 1077 μέγας
1755 1027 1797 1066 ἐκ

363 1090 512 1136 κείνων,
537 1089 606 1129 ubi
627 1089 766 1130 Aldus
786 1090 932 1131 menda
952 1090 1069 1130 simili
1091 1091 1260 1131 ἐκείνων.
1292 1090 1477 1129 ΒΟΤΗ.

419 1154 585 1195 πάσεται
606 1156 670 1196 Μ.
696 1156 836 1197 Guelf.
858 1158 968 1198 Rob.
998 1158 1193 1198 πάσσεται
1213 1156 1303 1198 libri
1322 1155 1482 1211 reliqui.
1525 1157 1607 1197 Per
1624 1155 1796 1209 λήψεται

361 1220 540 1276 explicat
560 1222 784 1262 scholiasta.

424 1288 517 1327 181.
549 1288 693 1338 πτηνὸν
722 1289 918 1341 ἀργηστὴν
947 1288 1055 1342 ὄφιν]
1086 1289 1264 1344 Sagittae
1283 1288 1335 1328 ab
1355 1302 1479 1328 aureo
1498 1302 1621 1327 nervo
1641 1287 1795 1328 cmissae

361 1353 592 1409 descriptio,
613 1354 678 1395 cui
700 1363 934 1410 serpentum
954 1354 1181 1409 adspectus,
1198 1355 1349 1410 quibus
1366 1354 1645 1395 Eumenidum
1666 1354 1794 1395 crines

360 1419 536 1460 redimiti
557 1430 684 1469 erant,
705 1420 952 1461 occasionem
972 1420 1130 1461 dedisse
1150 1421 1324 1462 videtur.
1358 1422 1486 1461 SCH.

422 1486 512 1540 183.
550 1486 687 1537 μέλαν’
719 1487 782 1528 ἀπ’
812 1489 1024 1539 ἀνθρώπων
1053 1488 1195 1542 ἄφρον]
1226 1487 1477 1528 Eumenides
1505 1486 1652 1527 diserte
1681 1485 1793 1526 haud

361 1567 446 1593 uno
467 1553 554 1593 loco
569 1554 680 1609 apud
698 1553 941 1609 AEschylum
960 1553 1174 1608 finguntur
1189 1554 1391 1594 hominem
1412 1562 1579 1593 exsucto
1598 1551 1794 1607 sanguine

360 1619 599 1661 tabefacere.
661 1621 728 1662 Cf.
761 1636 800 1660 v.
828 1622 922 1671 264.
949 1635 1035 1675 sqq.
1097 1621 1244 1675 Itaque
1269 1620 1448 1660 minatur
1472 1618 1627 1674 Apollo
1656 1634 1697 1658 se
1726 1633 1794 1659 eas

359 1686 516 1740 sagittis
544 1686 730 1726 immissis
761 1695 840 1726 tam
862 1685 1089 1726 vehementi
1119 1686 1257 1726 dolore
1286 1685 1545 1735 afflicturum,
1571 1694 1618 1725 ut
1644 1684 1692 1725 iis
1721 1700 1790 1725 ne-

359 1766 467 1792 cesse
494 1752 682 1792 futurum
714 1752 763 1793 sit
794 1752 1032 1807 sanguinem
1062 1751 1287 1801 hominum,
1318 1766 1440 1807 quem
1471 1750 1668 1801 suxerint,
1698 1765 1791 1791 evo-

359 1831 479 1857 mere.
515 1819 644 1858 SCH.

420 1886 510 1934 184.
533 1886 725 1935 θρόμβους
746 1885 885 1938 φόνου]
911 1886 1151 1941 Sanguinis
1165 1885 1327 1940 grumi.
1369 1883 1628 1940 Hesychius:
1663 1885 1793 1937 Θρόμ·

356 1951 591 2001 βου-αἷμα
609 1951 729 2003 παχύ,
750 1952 934 2003 πεπηγός,
957 1953 1006 1994 ὡς
1023 1952 1174 2002 βουνοί.
1207 1952 1336 1992 SCH.

419 2016 508 2069 185.
531 2016 697 2070 δόμοισι]
719 2018 847 2068 δόμοις
868 2034 915 2058 σε
935 2032 1076 2072 margo
1096 2017 1291 2057 Askewii.

412 2083 688 2136 χρίμπτεσθαι]
713 2084 940 2135 χρίμπτεται
962 2084 1104 2124 Guelf.
1126 2083 1229 2123 Ald.

419 2149 509 2188 186.
539 2147 627 2188 ἀλλ’
650 2149 694 2188 οὗ
716 2152 989 2202 καρανιστῆρες
1008 2150 1103 2204 etc.]
1126 2150 1242 2189 Luce
1261 2148 1407 2189 clarius
1426 2157 1498 2195 est,
1522 2156 1680 2203 poetam
1701 2147 1741 2188 h.
1763 2147 1791 2188 l.

354 2214 667 2270 exquisitissima
696 2215 885 2255 humanae
915 2215 1164 2256 crudelitatis
1193 2214 1379 2270 exempla
1406 2229 1656 2263 coacervare,
1683 2228 1790 2268 quo-

356 2296 446 2321 rum
470 2280 713 2336 spectaculo,
735 2290 928 2335 tanquam
950 2282 1061 2321 festis
1081 2281 1224 2336 epulis,
1247 2281 1386 2321 Furiae
1405 2280 1668 2321 delectentur.
1721 2281 1790 2320 Ibi

356 2362 427 2388 vos
445 2348 585 2388 adesse
608 2347 730 2395 decet,
750 2346 885 2402 inquit
904 2347 1072 2402 Apollo,
1091 2348 1160 2388 ubi
1179 2353 1419 2387 exercentur
1439 2347 1632 2387 vin-dictae
1650 2347 1790 2402 capita

353 2414 646 2463 abscindentes,
666 2414 875 2468 oculosque
893 2413 1137 2468 effodientes,
1150 2413 1532 2468 ubijugulationw,
1546 2414 1616 2453 ubi
1638 2413 1790 2453 viridis

347 2494 575 2535 puerorum
596 2485 700 2520 oetas
726 2480 895 2519 seminis
924 2480 1183 2534 corruptione
1211 2479 1391 2527 luditur,
1412 2479 1483 2520 ubi
1510 2479 1730 2528 mutilatio,
1749 2485 1789 2519 et

352 2546 568 2601 lapidatio,
585 2552 623 2587 et
638 2547 708 2586 ubi
718 2546 832 2601 palis
852 2546 977 2600 infixi
996 2546 1151 2601 ejulatu
1171 2559 1245 2586 suo
1264 2545 1431 2585 multam
1445 2546 1788 2600 praetereuntium

353 2612 675 2653 misericordiam
697 2613 814 2652 cient.
847 2612 978 2652 SCH.

411 2681 685 2730 καρανιστῆρες
721 2679 854 2718 Turn.
893 2677 1032 2733 Steph.
1058 2684 1063 2689 ‘
1083 2680 1367 2729 καρανηστῆρες
1401 2678 1465 2717 Μ.
1503 2676 1643 2717 Guelf.
1677 2677 1786 2718 Rob.

353 2743 443 2784 ἀλλ’
476 2745 544 2784 οὐκ
575 2746 807 2797 ἆρανητῆρες
838 2743 938 2784 Ald.
979 2743 1207 2795 καρανιστὴς
1234 2744 1352 2795 μόρος
1379 2757 1445 2798 ap.
1478 2743 1626 2799 Eurip.
1658 2743 1784 2784 Rhes.

353 2810 450 2862 817.

411 2891 425 2916 1
437 2877 504 2929 87.
527 2876 747 2928 σπέρματός
766 2876 796 2916 τ’
819 2877 1039 2929 ἀποφθοραὶ
1058 2878 1218 2926 παίδων,
1237 2878 1351 2916 κακοῦ
1370 2892 1413 2916 τε
1432 2875 1604 2929 χλοῦνις]
1626 2876 1784 2930 Legen-
