<?xml version="1.0" encoding="UTF-8"?>
<!DOCTYPE html PUBLIC "-//W3C//DTD XHTML 1.0 Transitional//EN"
    "http://www.w3.org/TR/xhtml1/DTD/xhtml1-transitional.dtd">
<html xmlns="http://www.w3.org/1999/xhtml" xml:lang="en" lang="en">
 <head>
  <title>
</title>
<meta http-equiv="Content-Type" content="text/html;charset=utf-8" />
  <meta name='ocr-system' content='tesseract 3.04.00' />
  <meta name='ocr-capabilities' content='ocr_page ocr_carea ocr_par ocr_line ocrx_word'/>
</head>
<body>
  <div class='ocr_page' id='page_1' title='image "./p2tragoediaesupe02aescuoft_0325.png"; bbox 0 0 1962 3224; ppageno 0'>
   <div class='ocr_carea' id='block_1_1' title="bbox 422 149 1602 195">
    <p class='ocr_par' dir='ltr' id='par_1_1' title="bbox 422 149 1602 195">
     <span class='ocr_line' id='line_1_1' title="bbox 422 149 1602 195; baseline -0.003 0"><span class='ocrx_word' id='word_1_1' title='bbox 422 154 735 195; x_wconf 81' lang='lat' dir='ltr'>ADDENDA</span> <span class='ocrx_word' id='word_1_2' title='bbox 767 154 853 195; x_wconf 90' lang='lat' dir='ltr'>ET</span> <span class='ocrx_word' id='word_1_3' title='bbox 887 153 1322 194; x_wconf 84' lang='lat' dir='ltr'>CORRIGENDA.</span> <span class='ocrx_word' id='word_1_4' title='bbox 1521 149 1602 192; x_wconf 84' lang='lat'>641</span> 
     </span>
    </p>
   </div>
   <div class='ocr_carea' id='block_1_2' title="bbox 143 264 1604 459">
    <p class='ocr_par' dir='ltr' id='par_1_2' title="bbox 143 264 1604 459">
     <span class='ocr_line' id='line_1_2' title="bbox 204 264 1604 322; baseline -0.001 -14"><span class='ocrx_word' id='word_1_5' title='bbox 204 269 254 308; x_wconf 91' lang='lat' dir='ltr'>P.</span> <span class='ocrx_word' id='word_1_6' title='bbox 274 279 371 319; x_wconf 87' lang='lat'>4¹0·</span> <span class='ocrx_word' id='word_1_7' title='bbox 393 282 432 308; x_wconf 91' lang='lat' dir='ltr'>v.</span> <span class='ocrx_word' id='word_1_8' title='bbox 458 277 579 320; x_wconf 86' lang='lat'>1277.</span> <span class='ocrx_word' id='word_1_9' title='bbox 610 266 738 307; x_wconf 80' lang='lat' dir='ltr'>Adde</span> <span class='ocrx_word' id='word_1_10' title='bbox 770 265 895 322; x_wconf 86' lang='lat' dir='ltr'>Soph.</span> <span class='ocrx_word' id='word_1_11' title='bbox 921 264 1097 306; x_wconf 83' lang='lat' dir='ltr'>Philoct.</span> <span class='ocrx_word' id='word_1_12' title='bbox 1123 280 1159 306; x_wconf 90' lang='lat' dir='ltr'>v.</span> <span class='ocrx_word' id='word_1_13' title='bbox 1188 278 1310 306; x_wconf 91' lang='lat'>1100.</span> <span class='ocrx_word' id='word_1_14' title='bbox 1342 269 1410 305; x_wconf 83' lang='grc' dir='ltr'>τοῦ</span> <span class='ocrx_word' id='word_1_15' title='bbox 1431 264 1604 307; x_wconf 80' lang='grc' dir='ltr'>πλέονος</span> 
     </span>
     <span class='ocr_line' id='line_1_3' title="bbox 146 331 1600 387; baseline -0.002 -12"><span class='ocrx_word' id='word_1_16' title='bbox 146 335 326 387; x_wconf 83' lang='grc' dir='ltr'>δαίμονος</span> <span class='ocrx_word' id='word_1_17' title='bbox 346 336 454 376; x_wconf 84' lang='grc' dir='ltr'>εἵλου</span> <span class='ocrx_word' id='word_1_18' title='bbox 473 334 517 375; x_wconf 88' lang='grc' dir='ltr'>τὸ</span> <span class='ocrx_word' id='word_1_19' title='bbox 539 334 674 376; x_wconf 81' lang='grc' dir='ltr'>κάκιον</span> <span class='ocrx_word' id='word_1_20' title='bbox 694 335 793 376; x_wconf 86' lang='grc' dir='ltr'>ἀντί.</span> <span class='ocrx_word' id='word_1_21' title='bbox 830 334 940 375; x_wconf 88' lang='lat' dir='ltr'>Nam</span> <span class='ocrx_word' id='word_1_22' title='bbox 962 332 1018 374; x_wconf 92' lang='lat' dir='ltr'>sic</span> <span class='ocrx_word' id='word_1_23' title='bbox 1039 331 1297 374; x_wconf 87' lang='lat' dir='ltr'>emendanda</span> <span class='ocrx_word' id='word_1_24' title='bbox 1317 341 1378 373; x_wconf 89' lang='lat' dir='ltr'>est</span> <span class='ocrx_word' id='word_1_25' title='bbox 1399 331 1600 373; x_wconf 86' lang='lat' dir='ltr'>librorum</span> 
     </span>
     <span class='ocr_line' id='line_1_4' title="bbox 143 401 703 459; baseline -0.002 -16"><span class='ocrx_word' id='word_1_26' title='bbox 143 402 346 459; x_wconf 88' lang='lat' dir='ltr'>scriptura</span> <span class='ocrx_word' id='word_1_27' title='bbox 364 401 407 443; x_wconf 87' lang='grc' dir='ltr'>τὸ</span> <span class='ocrx_word' id='word_1_28' title='bbox 429 402 562 444; x_wconf 83' lang='grc' dir='ltr'>κάκιον</span> <span class='ocrx_word' id='word_1_29' title='bbox 583 404 703 444; x_wconf 82' lang='grc' dir='ltr'>ἑλεῖν.</span> 
     </span>
    </p>
   </div>
   <div class='ocr_carea' id='block_1_3' title="bbox 639 571 1082 612">
    <p class='ocr_par' dir='ltr' id='par_1_3' title="bbox 639 571 1082 612">
     <span class='ocr_line' id='line_1_5' title="bbox 639 571 1082 612; baseline 0 0"><span class='ocrx_word' id='word_1_30' title='bbox 639 571 1082 612; x_wconf 87' lang='lat' dir='ltr'>CHOEPHOROE.</span> 
     </span>
    </p>
   </div>
   <div class='ocr_carea' id='block_1_4' title="bbox 200 668 1601 792">
    <p class='ocr_par' dir='ltr' id='par_1_4' title="bbox 200 668 1601 792">
     <span class='ocr_line' id='line_1_6' title="bbox 200 668 1278 726; baseline 0 -17"><span class='ocrx_word' id='word_1_31' title='bbox 200 668 252 710; x_wconf 88' lang='lat' dir='ltr'>P.</span> <span class='ocrx_word' id='word_1_32' title='bbox 274 681 372 724; x_wconf 86' lang='lat'>434.</span> <span class='ocrx_word' id='word_1_33' title='bbox 395 685 433 711; x_wconf 92' lang='lat' dir='ltr'>v.</span> <span class='ocrx_word' id='word_1_34' title='bbox 453 682 478 724; x_wconf 81' lang='lat'>3</span> <span class='ocrx_word' id='word_1_35' title='bbox 482 680 524 724; x_wconf 86' lang='lat'>5,</span> <span class='ocrx_word' id='word_1_36' title='bbox 551 682 585 710; x_wconf 90' lang='lat'>1.</span> <span class='ocrx_word' id='word_1_37' title='bbox 610 669 796 726; x_wconf 87' lang='lat' dir='ltr'>(super)]</span> <span class='ocrx_word' id='word_1_38' title='bbox 821 668 1119 726; x_wconf 85' lang='lat' dir='ltr'>(superscripto</span> <span class='ocrx_word' id='word_1_39' title='bbox 1139 668 1278 722; x_wconf 86' lang='grc' dir='ltr'>ἔλακε)</span> 
     </span>
     <span class='ocr_line' id='line_1_7' title="bbox 200 735 1601 792; baseline 0 -16"><span class='ocrx_word' id='word_1_40' title='bbox 200 737 250 777; x_wconf 92' lang='grc' dir='ltr'>Ρ.</span> <span class='ocrx_word' id='word_1_41' title='bbox 271 737 369 792; x_wconf 85' lang='lat'>438.</span> <span class='ocrx_word' id='word_1_42' title='bbox 392 752 430 777; x_wconf 80' lang='grc' dir='ltr'>ν.</span> <span class='ocrx_word' id='word_1_43' title='bbox 454 747 521 791; x_wconf 84' lang='lat'>72.</span> <span class='ocrx_word' id='word_1_44' title='bbox 554 736 626 778; x_wconf 84' lang='lat' dir='ltr'>Ad</span> <span class='ocrx_word' id='word_1_45' title='bbox 646 736 771 778; x_wconf 88' lang='lat' dir='ltr'>verba</span> <span class='ocrx_word' id='word_1_46' title='bbox 802 737 844 778; x_wconf 84' lang='grc' dir='ltr'>ἐκ</span> <span class='ocrx_word' id='word_1_47' title='bbox 873 739 963 788; x_wconf 81' lang='grc' dir='ltr'>μιᾶς</span> <span class='ocrx_word' id='word_1_48' title='bbox 992 738 1084 778; x_wconf 82' lang='grc' dir='ltr'>ὁδοῦ</span> <span class='ocrx_word' id='word_1_49' title='bbox 1103 735 1349 777; x_wconf 86' lang='lat' dir='ltr'>illustranda</span> <span class='ocrx_word' id='word_1_50' title='bbox 1368 735 1466 777; x_wconf 80' lang='lat' dir='ltr'>facit</span> <span class='ocrx_word' id='word_1_51' title='bbox 1486 735 1601 792; x_wconf 89' lang='lat' dir='ltr'>quod</span> 
     </span>
    </p>
   </div>
   <div class='ocr_carea' id='block_1_5' title="bbox 140 803 1604 1340">
    <p class='ocr_par' dir='ltr' id='par_1_5' title="bbox 140 803 1604 1340">
     <span class='ocr_line' id='line_1_8' title="bbox 141 803 1602 856; baseline 0.001 -12"><span class='ocrx_word' id='word_1_52' title='bbox 141 803 183 844; x_wconf 91' lang='lat' dir='ltr'>in</span> <span class='ocrx_word' id='word_1_53' title='bbox 204 803 515 846; x_wconf 86' lang='lat' dir='ltr'>lustrationibus</span> <span class='ocrx_word' id='word_1_54' title='bbox 534 805 673 856; x_wconf 85' lang='lat' dir='ltr'>fiebat,</span> <span class='ocrx_word' id='word_1_55' title='bbox 694 814 741 846; x_wconf 88' lang='lat' dir='ltr'>ut</span> <span class='ocrx_word' id='word_1_56' title='bbox 756 803 998 846; x_wconf 84' lang='lat' dir='ltr'>fluminibus</span> <span class='ocrx_word' id='word_1_57' title='bbox 1015 814 1230 846; x_wconf 87' lang='lat' dir='ltr'>uterentur</span> <span class='ocrx_word' id='word_1_58' title='bbox 1249 819 1300 845; x_wconf 86' lang='lat' dir='ltr'>ex</span> <span class='ocrx_word' id='word_1_59' title='bbox 1321 803 1464 845; x_wconf 89' lang='lat' dir='ltr'>eodem</span> <span class='ocrx_word' id='word_1_60' title='bbox 1486 804 1602 845; x_wconf 86' lang='lat' dir='ltr'>fonte</span> 
     </span>
     <span class='ocr_line' id='line_1_9' title="bbox 141 872 1601 929; baseline 0.001 -16"><span class='ocrx_word' id='word_1_61' title='bbox 141 873 505 928; x_wconf 85' lang='lat' dir='ltr'>promanantibus:</span> <span class='ocrx_word' id='word_1_62' title='bbox 539 873 660 915; x_wconf 90' lang='lat' dir='ltr'>sicuti</span> <span class='ocrx_word' id='word_1_63' title='bbox 689 874 826 915; x_wconf 81' lang='lat' dir='ltr'><strong>Oresti</strong></span> <span class='ocrx_word' id='word_1_64' title='bbox 855 872 909 914; x_wconf 89' lang='lat' dir='ltr'>ab</span> <span class='ocrx_word' id='word_1_65' title='bbox 939 872 1105 914; x_wconf 87' lang='lat' dir='ltr'>oraculo</span> <span class='ocrx_word' id='word_1_66' title='bbox 1130 872 1337 929; x_wconf 86' lang='lat' dir='ltr'>Delphico</span> <span class='ocrx_word' id='word_1_67' title='bbox 1366 872 1601 928; x_wconf 85' lang='lat' dir='ltr'>injunctum</span> 
     </span>
     <span class='ocr_line' id='line_1_10' title="bbox 141 940 1602 998; baseline 0 -16"><span class='ocrx_word' id='word_1_68' title='bbox 141 940 275 982; x_wconf 88' lang='lat' dir='ltr'>fertur</span> <span class='ocrx_word' id='word_1_69' title='bbox 306 951 353 982; x_wconf 90' lang='lat' dir='ltr'>ut</span> <span class='ocrx_word' id='word_1_70' title='bbox 381 940 510 983; x_wconf 87' lang='lat' dir='ltr'>fluvio</span> <span class='ocrx_word' id='word_1_71' title='bbox 538 942 778 984; x_wconf 86' lang='lat' dir='ltr'>ablueretur</span> <span class='ocrx_word' id='word_1_72' title='bbox 805 942 879 998; x_wconf 88' lang='lat' dir='ltr'>qui</span> <span class='ocrx_word' id='word_1_73' title='bbox 909 952 1063 998; x_wconf 82' lang='lat' dir='ltr'><strong>septem</strong></span> <span class='ocrx_word' id='word_1_74' title='bbox 1099 941 1342 983; x_wconf 85' lang='lat' dir='ltr'>fluminibus</span> <span class='ocrx_word' id='word_1_75' title='bbox 1376 941 1519 982; x_wconf 89' lang='lat' dir='ltr'>eodem</span> <span class='ocrx_word' id='word_1_76' title='bbox 1549 957 1602 983; x_wconf 81' lang='lat' dir='ltr'>ex</span> 
     </span>
     <span class='ocr_line' id='line_1_11' title="bbox 140 1008 1602 1052; baseline 0.001 -2"><span class='ocrx_word' id='word_1_77' title='bbox 140 1008 256 1051; x_wconf 90' lang='lat' dir='ltr'>fonte</span> <span class='ocrx_word' id='word_1_78' title='bbox 285 1009 548 1051; x_wconf 85' lang='lat' dir='ltr'>manantibus</span> <span class='ocrx_word' id='word_1_79' title='bbox 572 1010 910 1052; x_wconf 86' lang='lat' dir='ltr'>confunderetur.</span> <span class='ocrx_word' id='word_1_80' title='bbox 961 1011 1151 1052; x_wconf 87' lang='lat' dir='ltr'>Gramm.</span> <span class='ocrx_word' id='word_1_81' title='bbox 1173 1010 1226 1051; x_wconf 91' lang='lat' dir='ltr'>de</span> <span class='ocrx_word' id='word_1_82' title='bbox 1254 1010 1435 1052; x_wconf 83' lang='lat' dir='ltr'>carmine</span> <span class='ocrx_word' id='word_1_83' title='bbox 1464 1010 1602 1052; x_wconf 89' lang='lat' dir='ltr'>bucol.</span> 
     </span>
     <span class='ocr_line' id='line_1_12' title="bbox 143 1077 1604 1134; baseline 0.001 -15"><span class='ocrx_word' id='word_1_84' title='bbox 143 1077 369 1120; x_wconf 86' lang='lat' dir='ltr'>Theocrito</span> <span class='ocrx_word' id='word_1_85' title='bbox 387 1078 585 1134; x_wconf 88' lang='lat' dir='ltr'>praemitti</span> <span class='ocrx_word' id='word_1_86' title='bbox 615 1078 772 1125; x_wconf 86' lang='lat' dir='ltr'>solitus,</span> <span class='ocrx_word' id='word_1_87' title='bbox 794 1079 973 1133; x_wconf 83' lang='grc' dir='ltr'>χρησμὸς</span> <span class='ocrx_word' id='word_1_88' title='bbox 1003 1078 1204 1130; x_wconf 79' lang='grc' dir='ltr'>ἐξέπεσεν,</span> <span class='ocrx_word' id='word_1_89' title='bbox 1227 1080 1272 1120; x_wconf 80' lang='grc' dir='ltr'>ἐν</span> <span class='ocrx_word' id='word_1_90' title='bbox 1293 1080 1391 1120; x_wconf 82' lang='grc' dir='ltr'>ἑπτὰ</span> <span class='ocrx_word' id='word_1_91' title='bbox 1414 1082 1604 1131; x_wconf 84' lang='grc' dir='ltr'>ποταμοῖς</span> 
     </span>
     <span class='ocr_line' id='line_1_13' title="bbox 142 1146 1603 1200; baseline 0 -13"><span class='ocrx_word' id='word_1_92' title='bbox 142 1148 186 1187; x_wconf 83' lang='grc' dir='ltr'>ἐκ</span> <span class='ocrx_word' id='word_1_93' title='bbox 220 1150 309 1198; x_wconf 78' lang='grc' dir='ltr'>μιᾶς</span> <span class='ocrx_word' id='word_1_94' title='bbox 341 1149 467 1200; x_wconf 84' lang='grc' dir='ltr'>πηγῆς</span> <span class='ocrx_word' id='word_1_95' title='bbox 498 1147 658 1200; x_wconf 79' lang='grc' dir='ltr'>ῥέουσιν</span> <span class='ocrx_word' id='word_1_96' title='bbox 692 1148 1008 1189; x_wconf 85' lang='grc' dir='ltr'>ἆπολούσασθαι.</span> <span class='ocrx_word' id='word_1_97' title='bbox 1059 1146 1183 1188; x_wconf 89' lang='lat' dir='ltr'>Conf.</span> <span class='ocrx_word' id='word_1_98' title='bbox 1217 1146 1516 1188; x_wconf 89' lang='lat' dir='ltr'>Schneidewin.</span> <span class='ocrx_word' id='word_1_99' title='bbox 1549 1146 1603 1188; x_wconf 88' lang='lat' dir='ltr'>de</span> 
     </span>
     <span class='ocr_line' id='line_1_14' title="bbox 141 1214 1602 1272; baseline 0.001 -17"><span class='ocrx_word' id='word_1_100' title='bbox 141 1214 280 1256; x_wconf 86' lang='lat' dir='ltr'>Diana</span> <span class='ocrx_word' id='word_1_101' title='bbox 319 1214 542 1256; x_wconf 84' lang='lat' dir='ltr'>Phacelina</span> <span class='ocrx_word' id='word_1_102' title='bbox 581 1225 623 1256; x_wconf 89' lang='lat' dir='ltr'>et</span> <span class='ocrx_word' id='word_1_103' title='bbox 661 1216 808 1257; x_wconf 86' lang='lat' dir='ltr'>Oreste</span> <span class='ocrx_word' id='word_1_104' title='bbox 845 1230 913 1272; x_wconf 91' lang='lat' dir='ltr'>ap.</span> <span class='ocrx_word' id='word_1_105' title='bbox 955 1214 1171 1271; x_wconf 87' lang='lat' dir='ltr'>Rheginos</span> <span class='ocrx_word' id='word_1_106' title='bbox 1209 1223 1251 1256; x_wconf 91' lang='lat' dir='ltr'>et</span> <span class='ocrx_word' id='word_1_107' title='bbox 1291 1214 1452 1256; x_wconf 88' lang='lat' dir='ltr'>Siculos</span> <span class='ocrx_word' id='word_1_108' title='bbox 1485 1230 1527 1271; x_wconf 90' lang='lat' dir='ltr'>p.</span> <span class='ocrx_word' id='word_1_109' title='bbox 1561 1229 1602 1270; x_wconf 89' lang='lat'>9.</span> 
     </span>
     <span class='ocr_line' id='line_1_15' title="bbox 143 1282 1444 1340; baseline 0.001 -17"><span class='ocrx_word' id='word_1_110' title='bbox 143 1282 470 1325; x_wconf 85' lang='lat' dir='ltr'>BAMBERG.</span> <span class='ocrx_word' id='word_1_111' title='bbox 491 1283 564 1340; x_wconf 89' lang='lat' dir='ltr'>qui</span> <span class='ocrx_word' id='word_1_112' title='bbox 587 1283 857 1340; x_wconf 90' lang='lat' dir='ltr'>Choephoros</span> <span class='ocrx_word' id='word_1_113' title='bbox 878 1283 1095 1339; x_wconf 88' lang='lat' dir='ltr'>Gottingae</span> <span class='ocrx_word' id='word_1_114' title='bbox 1115 1283 1246 1324; x_wconf 90' lang='lat' dir='ltr'>edidit</span> <span class='ocrx_word' id='word_1_115' title='bbox 1264 1299 1300 1325; x_wconf 88' lang='lat' dir='ltr'>a.</span> <span class='ocrx_word' id='word_1_116' title='bbox 1324 1283 1444 1335; x_wconf 87' lang='lat'>1840.</span> 
     </span>
    </p>
   </div>
   <div class='ocr_carea' id='block_1_6' title="bbox 396 1351 1600 1408">
    <p class='ocr_par' dir='ltr' id='par_1_6' title="bbox 396 1351 1600 1408">
     <span class='ocr_line' id='line_1_16' title="bbox 396 1351 1600 1408; baseline 0.001 -17"><span class='ocrx_word' id='word_1_117' title='bbox 396 1366 436 1391; x_wconf 84' lang='lat' dir='ltr'>v.</span> <span class='ocrx_word' id='word_1_118' title='bbox 460 1362 530 1406; x_wconf 85' lang='lat'>73,</span> <span class='ocrx_word' id='word_1_119' title='bbox 556 1365 591 1392; x_wconf 92' lang='lat'>1.</span> <span class='ocrx_word' id='word_1_120' title='bbox 613 1352 720 1402; x_wconf 88' lang='lat' dir='ltr'>libri,</span> <span class='ocrx_word' id='word_1_121' title='bbox 742 1351 810 1407; x_wconf 90' lang='lat' dir='ltr'>ex]</span> <span class='ocrx_word' id='word_1_122' title='bbox 838 1351 946 1402; x_wconf 84' lang='lat' dir='ltr'>libri,</span> <span class='ocrx_word' id='word_1_123' title='bbox 964 1351 1078 1408; x_wconf 90' lang='lat' dir='ltr'>quod</span> <span class='ocrx_word' id='word_1_124' title='bbox 1105 1354 1317 1406; x_wconf 82' lang='grc' dir='ltr'>χαιρομισῆ</span> <span class='ocrx_word' id='word_1_125' title='bbox 1338 1351 1537 1408; x_wconf 90' lang='lat' dir='ltr'>scriptum</span> <span class='ocrx_word' id='word_1_126' title='bbox 1558 1351 1600 1392; x_wconf 91' lang='lat' dir='ltr'>in</span> 
     </span>
    </p>
   </div>
   <div class='ocr_carea' id='block_1_7' title="bbox 198 1375 370 1382">
    <p class='ocr_par' dir='ltr' id='par_1_7' title="bbox 198 1375 370 1382">
     <span class='ocr_line' id='line_1_17' title="bbox 198 1375 370 1382; baseline 0 0"><span class='ocrx_word' id='word_1_127' title='bbox 198 1375 370 1382; x_wconf 95' lang='lat' dir='ltr'> </span> 
     </span>
    </p>
   </div>
   <div class='ocr_carea' id='block_1_8' title="bbox 142 1417 329 1470">
    <p class='ocr_par' dir='ltr' id='par_1_8' title="bbox 142 1417 329 1470">
     <span class='ocr_line' id='line_1_18' title="bbox 142 1417 329 1470; baseline 0.005 -11"><span class='ocrx_word' id='word_1_128' title='bbox 142 1417 257 1470; x_wconf 85' lang='lat' dir='ltr'>Ald.‚</span> <span class='ocrx_word' id='word_1_129' title='bbox 278 1434 329 1460; x_wconf 85' lang='lat' dir='ltr'>ex</span> 
     </span>
    </p>
   </div>
   <div class='ocr_carea' id='block_1_9' title="bbox 141 1488 1603 2089">
    <p class='ocr_par' dir='ltr' id='par_1_9' title="bbox 141 1488 1602 1598">
     <span class='ocr_line' id='line_1_19' title="bbox 201 1488 1602 1545; baseline 0.002 -17"><span class='ocrx_word' id='word_1_130' title='bbox 201 1488 250 1528; x_wconf 91' lang='lat' dir='ltr'>P.</span> <span class='ocrx_word' id='word_1_131' title='bbox 276 1500 376 1543; x_wconf 86' lang='lat'>439.</span> <span class='ocrx_word' id='word_1_132' title='bbox 410 1503 448 1529; x_wconf 83' lang='lat' dir='ltr'>V.</span> <span class='ocrx_word' id='word_1_133' title='bbox 474 1489 542 1540; x_wconf 86' lang='lat'>80,</span> <span class='ocrx_word' id='word_1_134' title='bbox 571 1501 608 1530; x_wconf 83' lang='lat'>2.</span> <span class='ocrx_word' id='word_1_135' title='bbox 644 1489 783 1542; x_wconf 84' lang='grc' dir='ltr'>πικρὸν</span> <span class='ocrx_word' id='word_1_136' title='bbox 819 1489 980 1545; x_wconf 88' lang='lat' dir='ltr'>Steph.]</span> <span class='ocrx_word' id='word_1_137' title='bbox 1011 1490 1150 1542; x_wconf 87' lang='grc' dir='ltr'>πικρὸν</span> <span class='ocrx_word' id='word_1_138' title='bbox 1185 1489 1329 1545; x_wconf 86' lang='lat' dir='ltr'>Steph.</span> <span class='ocrx_word' id='word_1_139' title='bbox 1371 1499 1412 1530; x_wconf 90' lang='lat' dir='ltr'>et</span> <span class='ocrx_word' id='word_1_140' title='bbox 1452 1489 1602 1531; x_wconf 89' lang='lat' dir='ltr'>lemma</span> 
     </span>
     <span class='ocr_line' id='line_1_20' title="bbox 141 1554 559 1598; baseline 0.007 -3"><span class='ocrx_word' id='word_1_141' title='bbox 141 1554 282 1596; x_wconf 89' lang='lat' dir='ltr'>scholii</span> <span class='ocrx_word' id='word_1_142' title='bbox 301 1554 344 1595; x_wconf 88' lang='lat' dir='ltr'>in</span> <span class='ocrx_word' id='word_1_143' title='bbox 363 1555 428 1596; x_wconf 93' lang='lat' dir='ltr'>ed.</span> <span class='ocrx_word' id='word_1_144' title='bbox 451 1556 559 1598; x_wconf 84' lang='lat' dir='ltr'>Rob.</span> 
     </span>
    </p>

    <p class='ocr_par' dir='ltr' id='par_1_10' title="bbox 142 1622 1603 1815">
     <span class='ocr_line' id='line_1_21' title="bbox 199 1622 1603 1681; baseline 0.002 -18"><span class='ocrx_word' id='word_1_145' title='bbox 199 1622 250 1664; x_wconf 88' lang='lat' dir='ltr'>P.</span> <span class='ocrx_word' id='word_1_146' title='bbox 281 1634 379 1675; x_wconf 89' lang='lat'>440.</span> <span class='ocrx_word' id='word_1_147' title='bbox 415 1638 453 1663; x_wconf 91' lang='lat' dir='ltr'>v.</span> <span class='ocrx_word' id='word_1_148' title='bbox 486 1624 553 1664; x_wconf 89' lang='lat'>88.</span> <span class='ocrx_word' id='word_1_149' title='bbox 601 1625 703 1673; x_wconf 84' lang='lat' dir='ltr'>Post</span> <span class='ocrx_word' id='word_1_150' title='bbox 739 1626 833 1666; x_wconf 84' lang='grc' dir='ltr'>εἵπω</span> <span class='ocrx_word' id='word_1_151' title='bbox 874 1625 1181 1681; x_wconf 82' lang='lat' dir='ltr'>Bambergerus</span> <span class='ocrx_word' id='word_1_152' title='bbox 1214 1625 1367 1666; x_wconf 90' lang='lat' dir='ltr'>rectius</span> <span class='ocrx_word' id='word_1_153' title='bbox 1400 1634 1603 1667; x_wconf 87' lang='lat' dir='ltr'>commate</span> 
     </span>
     <span class='ocr_line' id='line_1_22' title="bbox 142 1690 1601 1749; baseline 0.003 -18"><span class='ocrx_word' id='word_1_154' title='bbox 142 1690 351 1732; x_wconf 87' lang='lat' dir='ltr'>distinxit:</span> <span class='ocrx_word' id='word_1_155' title='bbox 383 1706 478 1733; x_wconf 88' lang='lat' dir='ltr'>nam</span> <span class='ocrx_word' id='word_1_156' title='bbox 509 1694 638 1746; x_wconf 84' lang='grc' dir='ltr'>πατρί,</span> <span class='ocrx_word' id='word_1_157' title='bbox 667 1693 782 1749; x_wconf 88' lang='lat' dir='ltr'>quod</span> <span class='ocrx_word' id='word_1_158' title='bbox 811 1693 852 1734; x_wconf 93' lang='lat' dir='ltr'>in</span> <span class='ocrx_word' id='word_1_159' title='bbox 884 1693 966 1734; x_wconf 89' lang='lat' dir='ltr'>fine</span> <span class='ocrx_word' id='word_1_160' title='bbox 999 1709 1143 1736; x_wconf 89' lang='lat' dir='ltr'>versus</span> <span class='ocrx_word' id='word_1_161' title='bbox 1171 1692 1416 1735; x_wconf 85' lang='lat' dir='ltr'>collocatum</span> <span class='ocrx_word' id='word_1_162' title='bbox 1445 1704 1520 1745; x_wconf 88' lang='lat' dir='ltr'>est,</span> <span class='ocrx_word' id='word_1_163' title='bbox 1547 1693 1601 1735; x_wconf 88' lang='lat' dir='ltr'>ad</span> 
     </span>
     <span class='ocr_line' id='line_1_23' title="bbox 143 1759 1230 1815; baseline 0.004 -16"><span class='ocrx_word' id='word_1_164' title='bbox 143 1767 369 1814; x_wconf 89' lang='lat' dir='ltr'>utrumque</span> <span class='ocrx_word' id='word_1_165' title='bbox 387 1759 568 1815; x_wconf 88' lang='lat' dir='ltr'>pertinet</span> <span class='ocrx_word' id='word_1_166' title='bbox 589 1761 777 1813; x_wconf 89' lang='lat' dir='ltr'>verbum,</span> <span class='ocrx_word' id='word_1_167' title='bbox 798 1764 893 1804; x_wconf 80' lang='grc' dir='ltr'>εἴπω</span> <span class='ocrx_word' id='word_1_168' title='bbox 914 1772 955 1803; x_wconf 90' lang='lat' dir='ltr'>et</span> <span class='ocrx_word' id='word_1_169' title='bbox 976 1762 1230 1814; x_wconf 83' lang='grc' dir='ltr'>κατεύξωμαι.</span> 
     </span>
    </p>

    <p class='ocr_par' dir='ltr' id='par_1_11' title="bbox 201 1827 1158 2020">
     <span class='ocr_line' id='line_1_24' title="bbox 201 1827 916 1884; baseline 0.007 -17"><span class='ocrx_word' id='word_1_170' title='bbox 201 1827 253 1867; x_wconf 89' lang='grc' dir='ltr'>Ρ.</span> <span class='ocrx_word' id='word_1_171' title='bbox 275 1839 372 1879; x_wconf 85' lang='lat'>444.</span> <span class='ocrx_word' id='word_1_172' title='bbox 393 1842 432 1868; x_wconf 85' lang='lat' dir='ltr'>v.</span> <span class='ocrx_word' id='word_1_173' title='bbox 457 1839 551 1882; x_wconf 87' lang='lat'>145,</span> <span class='ocrx_word' id='word_1_174' title='bbox 578 1842 611 1869; x_wconf 92' lang='lat'>1.</span> <span class='ocrx_word' id='word_1_175' title='bbox 634 1830 773 1884; x_wconf 78' lang='grc' dir='ltr'>κακὰν]</span> <span class='ocrx_word' id='word_1_176' title='bbox 796 1830 916 1881; x_wconf 79' lang='grc' dir='ltr'>κακὴν</span> 
     </span>
     <span class='ocr_line' id='line_1_25' title="bbox 389 1896 1158 1953; baseline 0.007 -19"><span class='ocrx_word' id='word_1_177' title='bbox 389 1909 432 1935; x_wconf 90' lang='lat' dir='ltr'>v.</span> <span class='ocrx_word' id='word_1_178' title='bbox 459 1906 554 1949; x_wconf 87' lang='lat'><strong><em>157,</em></strong></span> <span class='ocrx_word' id='word_1_179' title='bbox 573 1909 617 1951; x_wconf 82' lang='lat'>3.</span> <span class='ocrx_word' id='word_1_180' title='bbox 641 1896 917 1953; x_wconf 76' lang='grc' dir='ltr'>δέσποτέἐξ]</span> <span class='ocrx_word' id='word_1_181' title='bbox 938 1897 1094 1939; x_wconf 88' lang='grc' dir='ltr'>δέσποτ’</span> <span class='ocrx_word' id='word_1_182' title='bbox 1117 1899 1158 1949; x_wconf 78' lang='grc' dir='ltr'>ἐξ</span> 
     </span>
     <span class='ocr_line' id='line_1_26' title="bbox 203 1963 1105 2020; baseline 0.004 -18"><span class='ocrx_word' id='word_1_183' title='bbox 203 1963 252 2002; x_wconf 90' lang='grc' dir='ltr'>Ρ.</span> <span class='ocrx_word' id='word_1_184' title='bbox 273 1974 372 2017; x_wconf 90' lang='lat'>445.</span> <span class='ocrx_word' id='word_1_185' title='bbox 397 1978 434 2003; x_wconf 91' lang='lat' dir='ltr'>v.</span> <span class='ocrx_word' id='word_1_186' title='bbox 461 1964 553 2019; x_wconf 84' lang='lat'>158.</span> <span class='ocrx_word' id='word_1_187' title='bbox 578 1965 633 2015; x_wconf 85' lang='grc' dir='ltr'>ἰὼ,</span> <span class='ocrx_word' id='word_1_188' title='bbox 655 1965 728 2020; x_wconf 84' lang='grc' dir='ltr'>τίς]</span> <span class='ocrx_word' id='word_1_189' title='bbox 748 1966 816 2006; x_wconf 75' lang='grc' dir='ltr'>ἴτω</span> <span class='ocrx_word' id='word_1_190' title='bbox 836 1983 894 2009; x_wconf 88' lang='grc' dir='ltr'>τις</span> <span class='ocrx_word' id='word_1_191' title='bbox 915 1965 1105 2007; x_wconf 85' lang='lat' dir='ltr'>Bothius.</span> 
     </span>
    </p>

    <p class='ocr_par' dir='ltr' id='par_1_12' title="bbox 202 2031 1007 2089">
     <span class='ocr_line' id='line_1_27' title="bbox 202 2031 1007 2089; baseline 0.005 -19"><span class='ocrx_word' id='word_1_192' title='bbox 202 2031 253 2070; x_wconf 88' lang='lat' dir='ltr'>P.</span> <span class='ocrx_word' id='word_1_193' title='bbox 273 2042 369 2083; x_wconf 92' lang='lat'>447.</span> <span class='ocrx_word' id='word_1_194' title='bbox 391 2046 429 2072; x_wconf 80' lang='lat' dir='ltr'>v.</span> <span class='ocrx_word' id='word_1_195' title='bbox 455 2043 546 2085; x_wconf 90' lang='lat'>177.</span> <span class='ocrx_word' id='word_1_196' title='bbox 567 2031 607 2089; x_wconf 86' lang='grc' dir='ltr'>ᾖ]</span> <span class='ocrx_word' id='word_1_197' title='bbox 627 2032 676 2084; x_wconf 84' lang='grc' dir='ltr'>ἦν</span> <span class='ocrx_word' id='word_1_198' title='bbox 699 2031 1007 2074; x_wconf 81' lang='lat' dir='ltr'>Scholefieldus.</span> 
     </span>
    </p>
   </div>
   <div class='ocr_carea' id='block_1_10' title="bbox 145 2099 1627 2223">
    <p class='ocr_par' dir='ltr' id='par_1_13' title="bbox 145 2099 1627 2223">
     <span class='ocr_line' id='line_1_28' title="bbox 392 2099 1627 2164; baseline 0.004 -24"><span class='ocrx_word' id='word_1_199' title='bbox 392 2114 431 2141; x_wconf 81' lang='lat' dir='ltr'>v,</span> <span class='ocrx_word' id='word_1_200' title='bbox 457 2099 550 2154; x_wconf 86' lang='lat'>185,</span> <span class='ocrx_word' id='word_1_201' title='bbox 576 2114 612 2140; x_wconf 91' lang='lat'>1.</span> <span class='ocrx_word' id='word_1_202' title='bbox 643 2100 803 2155; x_wconf 80' lang='grc' dir='ltr'>διψίων]</span> <span class='ocrx_word' id='word_1_203' title='bbox 839 2102 984 2154; x_wconf 83' lang='grc' dir='ltr'>διψίων</span> <span class='ocrx_word' id='word_1_204' title='bbox 1016 2105 1126 2151; x_wconf 87' lang='lat' dir='ltr'>(nam</span> <span class='ocrx_word' id='word_1_205' title='bbox 1164 2102 1219 2142; x_wconf 90' lang='lat' dir='ltr'>sic</span> <span class='ocrx_word' id='word_1_206' title='bbox 1253 2102 1500 2145; x_wconf 88' lang='lat' dir='ltr'>Schuetzius</span> <span class='ocrx_word' id='word_1_207' title='bbox 1526 2118 1627 2164; x_wconf 51' lang='lat' dir='ltr'>pro¹</span> 
     </span>
     <span class='ocr_line' id='line_1_29' title="bbox 145 2166 1389 2223; baseline 0.004 -16"><span class='ocrx_word' id='word_1_208' title='bbox 145 2166 272 2220; x_wconf 80' lang='grc' dir='ltr'>δίψιοι</span> <span class='ocrx_word' id='word_1_209' title='bbox 292 2166 468 2223; x_wconf 83' lang='lat' dir='ltr'>scripsit)</span> <span class='ocrx_word' id='word_1_210' title='bbox 1385 2180 1389 2185; x_wconf 87' lang='lat'>&#39;</span> 
     </span>
    </p>
   </div>
   <div class='ocr_carea' id='block_1_11' title="bbox 201 1918 371 1926">
    <p class='ocr_par' dir='ltr' id='par_1_14' title="bbox 201 1918 371 1926">
     <span class='ocr_line' id='line_1_30' title="bbox 201 1918 371 1926; baseline 0 1298"><span class='ocrx_word' id='word_1_211' title='bbox 201 1918 371 1926; x_wconf 95' lang='lat' dir='ltr'> </span> 
     </span>
    </p>
   </div>
   <div class='ocr_carea' id='block_1_12' title="bbox 200 2121 370 2129">
    <p class='ocr_par' dir='ltr' id='par_1_15' title="bbox 200 2121 370 2129">
     <span class='ocr_line' id='line_1_31' title="bbox 200 2121 370 2129; baseline 0 1095"><span class='ocrx_word' id='word_1_212' title='bbox 200 2121 370 2129; x_wconf 95' lang='lat' dir='ltr'> </span> 
     </span>
    </p>
   </div>
   <div class='ocr_carea' id='block_1_13' title="bbox 145 2234 1604 2831">
    <p class='ocr_par' dir='ltr' id='par_1_16' title="bbox 145 2234 1602 2477">
     <span class='ocr_line' id='line_1_32' title="bbox 203 2234 1598 2294; baseline 0.007 -20"><span class='ocrx_word' id='word_1_213' title='bbox 203 2234 252 2274; x_wconf 92' lang='grc' dir='ltr'>Ρ.</span> <span class='ocrx_word' id='word_1_214' title='bbox 273 2246 371 2290; x_wconf 83' lang='grc'><strong>451.</strong></span> <span class='ocrx_word' id='word_1_215' title='bbox 393 2250 430 2275; x_wconf 90' lang='lat' dir='ltr'>v.</span> <span class='ocrx_word' id='word_1_216' title='bbox 453 2235 551 2290; x_wconf 80' lang='lat'>236.</span> <span class='ocrx_word' id='word_1_217' title='bbox 583 2235 724 2280; x_wconf 82' lang='grc' dir='ltr'>Ἐλπὶς</span> <span class='ocrx_word' id='word_1_218' title='bbox 754 2236 974 2290; x_wconf 86' lang='grc' dir='ltr'>σπέρματος</span> <span class='ocrx_word' id='word_1_219' title='bbox 1004 2239 1194 2291; x_wconf 86' lang='grc' dir='ltr'>σωτηρίου</span> <span class='ocrx_word' id='word_1_220' title='bbox 1213 2248 1275 2280; x_wconf 84' lang='lat' dir='ltr'>est</span> <span class='ocrx_word' id='word_1_221' title='bbox 1296 2240 1454 2293; x_wconf 86' lang='grc' dir='ltr'>σπέρμα</span> <span class='ocrx_word' id='word_1_222' title='bbox 1475 2243 1598 2294; x_wconf 87' lang='grc' dir='ltr'>σωτή-</span> 
     </span>
     <span class='ocr_line' id='line_1_33' title="bbox 145 2302 1602 2364; baseline 0.008 -23"><span class='ocrx_word' id='word_1_223' title='bbox 145 2317 231 2353; x_wconf 88' lang='grc' dir='ltr'>ριον</span> <span class='ocrx_word' id='word_1_224' title='bbox 247 2302 448 2353; x_wconf 82' lang='grc' dir='ltr'>ἐλπισθὲν,</span> <span class='ocrx_word' id='word_1_225' title='bbox 465 2303 650 2356; x_wconf 83' lang='grc' dir='ltr'>δακρυτὸς</span> <span class='ocrx_word' id='word_1_226' title='bbox 669 2313 807 2345; x_wconf 89' lang='lat' dir='ltr'>autem</span> <span class='ocrx_word' id='word_1_227' title='bbox 828 2304 993 2361; x_wconf 88' lang='lat' dir='ltr'>respicit</span> <span class='ocrx_word' id='word_1_228' title='bbox 1013 2305 1214 2357; x_wconf 87' lang='lat' dir='ltr'>lacrimas,</span> <span class='ocrx_word' id='word_1_229' title='bbox 1235 2323 1411 2364; x_wconf 88' lang='lat' dir='ltr'>quarum</span> <span class='ocrx_word' id='word_1_230' title='bbox 1435 2309 1602 2352; x_wconf 88' lang='lat' dir='ltr'>abunde</span> 
     </span>
     <span class='ocr_line' id='line_1_34' title="bbox 146 2367 1602 2431; baseline 0.008 -22"><span class='ocrx_word' id='word_1_231' title='bbox 146 2367 392 2411; x_wconf 89' lang='lat' dir='ltr'>desiderium</span> <span class='ocrx_word' id='word_1_232' title='bbox 423 2380 465 2412; x_wconf 91' lang='lat' dir='ltr'>et</span> <span class='ocrx_word' id='word_1_233' title='bbox 488 2372 685 2414; x_wconf 84' lang='lat' dir='ltr'>memoria</span> <span class='ocrx_word' id='word_1_234' title='bbox 705 2373 862 2415; x_wconf 91' lang='lat' dir='ltr'>Orestis</span> <span class='ocrx_word' id='word_1_235' title='bbox 881 2373 1008 2416; x_wconf 88' lang='lat' dir='ltr'>choro</span> <span class='ocrx_word' id='word_1_236' title='bbox 1026 2384 1153 2431; x_wconf 86' lang='lat' dir='ltr'>atque</span> <span class='ocrx_word' id='word_1_237' title='bbox 1183 2374 1364 2418; x_wconf 85' lang='lat' dir='ltr'>Electrae</span> <span class='ocrx_word' id='word_1_238' title='bbox 1393 2376 1602 2421; x_wconf 87' lang='lat' dir='ltr'>elicuerat.</span> 
     </span>
     <span class='ocr_line' id='line_1_35' title="bbox 148 2435 342 2477; baseline 0.005 -1"><span class='ocrx_word' id='word_1_239' title='bbox 148 2435 342 2477; x_wconf 88' lang='lat' dir='ltr'>BAMB.</span> 
     </span>
    </p>

    <p class='ocr_par' dir='ltr' id='par_1_17' title="bbox 147 2504 1602 2635">
     <span class='ocr_line' id='line_1_36' title="bbox 206 2504 1602 2567; baseline 0.009 -23"><span class='ocrx_word' id='word_1_240' title='bbox 206 2504 257 2544; x_wconf 91' lang='lat' dir='ltr'>P.</span> <span class='ocrx_word' id='word_1_241' title='bbox 277 2516 377 2559; x_wconf 88' lang='lat'>455.</span> <span class='ocrx_word' id='word_1_242' title='bbox 408 2520 446 2546; x_wconf 85' lang='grc' dir='ltr'>ν.</span> <span class='ocrx_word' id='word_1_243' title='bbox 470 2518 563 2560; x_wconf 89' lang='lat'>290.</span> <span class='ocrx_word' id='word_1_244' title='bbox 595 2508 735 2549; x_wconf 89' lang='lat' dir='ltr'>Locus</span> <span class='ocrx_word' id='word_1_245' title='bbox 767 2509 953 2565; x_wconf 90' lang='lat' dir='ltr'>Etymol.</span> <span class='ocrx_word' id='word_1_246' title='bbox 993 2511 1073 2561; x_wconf 92' lang='grc' dir='ltr'>Μ.,</span> <span class='ocrx_word' id='word_1_247' title='bbox 1103 2526 1225 2567; x_wconf 89' lang='lat' dir='ltr'>quem</span> <span class='ocrx_word' id='word_1_248' title='bbox 1251 2513 1306 2553; x_wconf 88' lang='lat' dir='ltr'>ad</span> <span class='ocrx_word' id='word_1_249' title='bbox 1341 2513 1383 2555; x_wconf 81' lang='lat' dir='ltr'>h.</span> <span class='ocrx_word' id='word_1_250' title='bbox 1419 2530 1456 2555; x_wconf 80' lang='lat' dir='ltr'>v,</span> <span class='ocrx_word' id='word_1_251' title='bbox 1492 2526 1602 2557; x_wconf 86' lang='lat' dir='ltr'>recte</span> 
     </span>
     <span class='ocr_line' id='line_1_37' title="bbox 147 2570 1361 2635; baseline 0.009 -25"><span class='ocrx_word' id='word_1_252' title='bbox 147 2570 289 2612; x_wconf 86' lang='lat' dir='ltr'>retulit</span> <span class='ocrx_word' id='word_1_253' title='bbox 310 2572 531 2625; x_wconf 83' lang='lat' dir='ltr'>Stanleius,</span> <span class='ocrx_word' id='word_1_254' title='bbox 554 2575 658 2616; x_wconf 89' lang='lat' dir='ltr'>male</span> <span class='ocrx_word' id='word_1_255' title='bbox 676 2575 783 2618; x_wconf 90' lang='lat' dir='ltr'>inter</span> <span class='ocrx_word' id='word_1_256' title='bbox 802 2577 1034 2633; x_wconf 87' lang='lat' dir='ltr'>fragmenta</span> <span class='ocrx_word' id='word_1_257' title='bbox 1054 2589 1245 2635; x_wconf 87' lang='lat' dir='ltr'>receptus</span> <span class='ocrx_word' id='word_1_258' title='bbox 1263 2582 1361 2635; x_wconf 85' lang='lat'>356.</span> 
     </span>
    </p>

    <p class='ocr_par' dir='ltr' id='par_1_18' title="bbox 146 2639 1604 2831">
     <span class='ocr_line' id='line_1_38' title="bbox 205 2639 1603 2704; baseline 0.01 -26"><span class='ocrx_word' id='word_1_259' title='bbox 205 2639 256 2679; x_wconf 91' lang='lat' dir='ltr'>P.</span> <span class='ocrx_word' id='word_1_260' title='bbox 276 2641 374 2693; x_wconf 85' lang='lat'>456.</span> <span class='ocrx_word' id='word_1_261' title='bbox 395 2654 435 2681; x_wconf 79' lang='lat' dir='ltr'>v,</span> <span class='ocrx_word' id='word_1_262' title='bbox 460 2652 553 2695; x_wconf 86' lang='lat'>294.</span> <span class='ocrx_word' id='word_1_263' title='bbox 575 2651 678 2683; x_wconf 88' lang='lat' dir='ltr'>extr.</span> <span class='ocrx_word' id='word_1_264' title='bbox 703 2643 834 2685; x_wconf 87' lang='lat' dir='ltr'>adde:</span> <span class='ocrx_word' id='word_1_265' title='bbox 867 2645 928 2686; x_wconf 83' lang='lat' dir='ltr'>Et</span> <span class='ocrx_word' id='word_1_266' title='bbox 958 2645 1014 2686; x_wconf 91' lang='lat' dir='ltr'>sic</span> <span class='ocrx_word' id='word_1_267' title='bbox 1044 2645 1170 2687; x_wconf 87' lang='lat' dir='ltr'>schol.</span> <span class='ocrx_word' id='word_1_268' title='bbox 1201 2647 1274 2703; x_wconf 91' lang='lat' dir='ltr'>qui</span> <span class='ocrx_word' id='word_1_269' title='bbox 1305 2663 1379 2704; x_wconf 89' lang='lat' dir='ltr'>per</span> <span class='ocrx_word' id='word_1_270' title='bbox 1409 2666 1603 2702; x_wconf 86' lang='grc' dir='ltr'>συγκατα-</span> 
     </span>
     <span class='ocr_line' id='line_1_39' title="bbox 146 2706 1604 2773; baseline 0.011 -28"><span class='ocrx_word' id='word_1_271' title='bbox 146 2706 257 2747; x_wconf 83' lang='grc' dir='ltr'>λύειν</span> <span class='ocrx_word' id='word_1_272' title='bbox 279 2709 394 2758; x_wconf 90' lang='lat' dir='ltr'>(nam</span> <span class='ocrx_word' id='word_1_273' title='bbox 425 2707 480 2749; x_wconf 88' lang='lat' dir='ltr'>sic</span> <span class='ocrx_word' id='word_1_274' title='bbox 511 2709 726 2766; x_wconf 89' lang='lat' dir='ltr'>vulgatum</span> <span class='ocrx_word' id='word_1_275' title='bbox 749 2713 962 2765; x_wconf 83' lang='grc' dir='ltr'>σ-υγκλύειν</span> <span class='ocrx_word' id='word_1_276' title='bbox 981 2714 1159 2756; x_wconf 85' lang='lat' dir='ltr'>correxit</span> <span class='ocrx_word' id='word_1_277' title='bbox 1180 2716 1426 2773; x_wconf 87' lang='lat' dir='ltr'>Bamberg.)</span> <span class='ocrx_word' id='word_1_278' title='bbox 1449 2727 1491 2759; x_wconf 91' lang='lat' dir='ltr'>et</span> <span class='ocrx_word' id='word_1_279' title='bbox 1512 2736 1604 2762; x_wconf 82' lang='grc' dir='ltr'>συν-</span> 
     </span>
     <span class='ocr_line' id='line_1_40' title="bbox 146 2773 596 2831; baseline 0.009 -17"><span class='ocrx_word' id='word_1_280' title='bbox 146 2777 268 2815; x_wconf 83' lang='grc' dir='ltr'>οικεῖν</span> <span class='ocrx_word' id='word_1_281' title='bbox 287 2773 596 2831; x_wconf 85' lang='lat' dir='ltr'>interpretatur.</span> 
     </span>
    </p>
   </div>
   <div class='ocr_carea' id='block_1_14' title="bbox 145 2842 1602 2965">
    <p class='ocr_par' dir='ltr' id='par_1_19' title="bbox 145 2842 1602 2965">
     <span class='ocr_line' id='line_1_41' title="bbox 204 2842 1602 2909; baseline 0.01 -27"><span class='ocrx_word' id='word_1_282' title='bbox 204 2842 255 2882; x_wconf 90' lang='lat' dir='ltr'>P.</span> <span class='ocrx_word' id='word_1_283' title='bbox 275 2843 375 2894; x_wconf 92' lang='lat'>460.</span> <span class='ocrx_word' id='word_1_284' title='bbox 395 2859 434 2884; x_wconf 80' lang='lat' dir='ltr'>v,</span> <span class='ocrx_word' id='word_1_285' title='bbox 450 2855 551 2899; x_wconf 86' lang='lat'>359,</span> <span class='ocrx_word' id='word_1_286' title='bbox 572 2858 613 2900; x_wconf 87' lang='lat'>5.</span> <span class='ocrx_word' id='word_1_287' title='bbox 637 2846 788 2901; x_wconf 63' lang='lat' dir='ltr'>SCH]</span> <span class='ocrx_word' id='word_1_288' title='bbox 822 2848 956 2889; x_wconf 88' lang='lat' dir='ltr'>SCH.</span> <span class='ocrx_word' id='word_1_289' title='bbox 980 2847 1051 2904; x_wconf 86' lang='lat' dir='ltr'>qui</span> <span class='ocrx_word' id='word_1_290' title='bbox 1082 2848 1269 2891; x_wconf 87' lang='lat' dir='ltr'>dativum</span> <span class='ocrx_word' id='word_1_291' title='bbox 1291 2855 1530 2909; x_wconf 83' lang='grc' dir='ltr'>πεισιβρότῳ</span> <span class='ocrx_word' id='word_1_292' title='bbox 1560 2871 1602 2897; x_wconf 83' lang='grc' dir='ltr'>τε</span> 
     </span>
     <span class='ocr_line' id='line_1_42' title="bbox 145 2908 515 2965; baseline 0.005 -15"><span class='ocrx_word' id='word_1_293' title='bbox 145 2908 301 2965; x_wconf 80' lang='grc' dir='ltr'>βάκτρῳ</span> <span class='ocrx_word' id='word_1_294' title='bbox 323 2911 515 2952; x_wconf 82' lang='lat' dir='ltr'>restituit.</span> 
     </span>
    </p>
   </div>
   <div class='ocr_carea' id='block_1_15' title="bbox 818 2998 900 3035">
    <p class='ocr_par' dir='ltr' id='par_1_20' title="bbox 818 2998 900 3035">
     <span class='ocr_line' id='line_1_43' title="bbox 818 2998 900 3035; baseline 0 -11"><span class='ocrx_word' id='word_1_295' title='bbox 818 2998 900 3035; x_wconf 68' lang='lat'>4³1</span> 
     </span>
    </p>
   </div>
  </div>
 </body>
</html>
