1962 3224
365 194 449 236 306
839 198 921 239 AN
926 198 1328 239 NOTATIONES

363 323 484 360 γοιτο,
516 309 692 359 ὀξύνεται
720 309 909 361 ῥηματικὰ
939 310 1047 356 ὄντα,
1078 309 1211 350 πλέκω
1241 308 1380 359 πλοκή,
1415 307 1511 349 δέκω
1542 308 1633 359 δοκή
1661 309 1685 359 ἡ
1708 310 1798 349 ὑπό-

365 389 462 415 νοια.

417 453 516 495 423.
538 441 836 496 μάταν-ὁρᾶν]
862 443 1013 482 Versus
1033 451 1264 497 corruptus-

417 520 516 561 424.
546 508 853 562 παραλλάξασα]
884 510 1159 550 Ρνωέετὶεπς..
1191 508 1339 564 Eurip.
1362 507 1534 564 Hippol.
1560 520 1655 562 939.
1686 508 1800 558 λόγοι

361 574 714 626 παραλλάσσοντες
734 575 880 627 ἔξεδροι
900 579 1066 628 φρενῶν.
1099 575 1327 616 BLOMF.

417 640 564 695 χερῶν]
586 645 727 694 χειρῶν
748 642 784 682 F
787 640 813 681 l.

417 709 516 759 426.
547 707 971 762 πτεροῖς-κελεύθοις]
1002 709 1139 756 Verte,
1167 708 1246 748 alis
1279 720 1371 763 quae
1397 708 1531 748 somni
1558 707 1651 748 vias
1673 708 1796 747 comi·

362 780 520 815 tantur.
550 773 575 814 i.
597 789 632 814 e.
651 789 776 830 quum
796 788 963 815 somnus
982 775 1084 824 abit,
1106 775 1274 815 avolant
1292 775 1415 815 etiam
1438 775 1612 815 somnia.
1672 772 1799 813 Alata

362 839 518 880 somnia
537 850 735 881 memorat
755 840 976 895 Euripides
997 841 1101 881 Hec.
1120 851 1186 893 70.
1210 841 1408 881 Phoeniss.
1429 843 1549 895 1561.
1569 840 1796 882 BLOMF.

415 918 512 960 427.
534 906 596 959 ἐφ’
620 906 765 961 ἑστίας]
788 908 993 958 ἐφεστίους
1013 906 1227 947 stanleius.
1261 908 1361 948 Post
1377 908 1453 961 ἄχη
1467 921 1625 947 comma
1643 921 1796 962 ponen-

360 973 460 1014 dum
491 982 532 1014 et
561 988 637 1029 pro
657 972 735 1014 τάδ’
759 974 844 1014 ἐστὶ
865 973 1124 1014 scribendum
1155 976 1203 1015 τὰ
1232 972 1262 1014 δ’
1285 974 1437 1014 ἑστὶ-.
1497 973 1667 1015 Monuit
1696 973 1800 1014 Hal-

360 1039 467 1081 mius
487 1055 526 1096 p.
546 1042 612 1081 26.

415 1119 512 1162 429.
535 1107 579 1148 τὸ
599 1108 694 1162 πᾶν]
720 1108 923 1149 Uni-verse
941 1113 1090 1156 autem,
1111 1107 1259 1148 chorus
1278 1107 1424 1162 inquit,
1442 1113 1615 1163 propter
1633 1120 1713 1157 eos,
1727 1108 1798 1163 qui

359 1189 380 1215 e
412 1175 582 1215 Groecia
614 1189 695 1215 una
723 1190 817 1215 cum
850 1174 1026 1216 ducibus
1057 1176 1227 1230 Trojam
1257 1175 1436 1230 profecti
1465 1180 1578 1223 sunt,
1605 1175 1799 1215 moestitia

358 1243 545 1283 animum
564 1243 756 1298 affligens
771 1244 817 1282 in
836 1243 1102 1298 singulorum
1124 1242 1278 1282 aedz'bus
1292 1247 1456 1297 regnat.
1488 1242 1619 1282 SCH.

415 1321 512 1363 430.
543 1308 825 1363 τλησικάρδιος]
857 1309 926 1359 τὴν
957 1310 1115 1361 καρδίαν
1139 1307 1309 1359 τήκουσα
1337 1308 1391 1364 gl.
1415 1309 1470 1349 T.
1490 1307 1604 1364 quod
1632 1307 1797 1350 Stanleii

358 1375 470 1417 favet
491 1376 738 1430 conjecturae
758 1376 1006 1428 τηξικάρδιος.

414 1455 512 1497 431.
535 1443 677 1496 δόμων]
705 1444 835 1493 δόμοις
857 1442 1071 1483 Stanleius.

414 1522 511 1564 433.
534 1526 590 1552 τις
609 1509 770 1550 addidit
791 1511 1012 1550 Porsonus.

416 1576 615 1632 ἔπεμψεν]
638 1576 797 1629 πέμψεν
820 1578 874 1617 Τ.

413 1656 511 1698 434.
537 1645 693 1698 φωτῶν]
718 1648 872 1696 βροτῶν
894 1644 946 1683 Τ.

413 1720 511 1764 435.
531 1711 670 1762 δόμους
691 1711 911 1762 ἀφικνεῖται
932 1709 995 1750 Fl.
1026 1709 1114 1751 τοὺς
1132 1710 1269 1760 δόμους
1285 1710 1567 1761 εἰσαφικνεῖται
1585 1710 1639 1750 Τ.
1655 1709 1795 1765 Steph.

414 1787 511 1831 437.
541 1776 825 1831 χρυσαμοιβός]
859 1778 942 1823 Qui
971 1790 1122 1816 aurum
1142 1776 1225 1816 alio
1248 1776 1408 1816 metallo
1432 1782 1670 1831 permutat;
1703 1776 1797 1817 hino

357 1860 420 1897 χρ.
443 1844 644 1895 σωμάτων,
665 1845 737 1899 qui
753 1859 832 1899 pro
851 1843 1086 1899 corporibus
1105 1843 1240 1883 reddit
1253 1843 1435 1888 cineres‚·
1466 1842 1520 1882 sic
1539 1842 1683 1883 melius
1703 1858 1795 1883 cum

360 1910 541 1951 Stanleio
571 1910 736 1952 verteris
767 1925 891 1966 quam
924 1925 1018 1950 cum
1051 1908 1313 1958 Schneidero,
1339 1910 1410 1964 qui
1438 1910 1485 1949 in
1508 1910 1656 1964 praelz’o
1682 1911 1798 1950 vivos

357 1979 532 2019 mortuis
582 1983 811 2033 permutat.
900 1976 1082 2033 Hesych.
1133 1977 1422 2028 Χρυσαμοιβός.
1477 1977 1796 2029 ἇργυρογνώμων.

359 2046 592 2086 BLOMF.

413 2125 510 2164 441.
530 2112 649 2166 βαρὺ]
677 2110 947 2152 Scribendum
968 2111 1099 2164 βραχὺ
1118 2124 1210 2151 cum
1235 2109 1465 2150 Schuetzio.

413 2188 653 2228 442-444,
672 2185 713 2216 et
731 2178 970 2230 461—-463,
991 2176 1031 2216 in
1055 2190 1180 2216 unum
1206 2190 1364 2216 versum
1385 2175 1675 2230 conjungendi.

412 2255 510 2296 442.
542 2243 716 2295 ἇντήνωρ
746 2243 903 2290 σποδὸς,
938 2244 1058 2284 Ciuis
1085 2258 1164 2298 pro
1192 2243 1363 2283 homine.
1411 2243 1545 2298 Supra
1565 2244 1662 2296 396.
1690 2243 1795 2283 ἀντί-

357 2316 502 2364 φερνος
531 2309 671 2362 φθορά,
703 2311 877 2351 eoeitz‘um
908 2326 988 2366 pro
1013 2311 1114 2351 dote.
1165 2309 1478 2365 Comparandus
1509 2308 1698 2363 Sophocl.
1727 2310 1795 2351 El.

361 2378 480 2432 1158.
496 2376 572 2420 ‘'Os-
596 2376 632 2417 σ’
655 2377 729 2418 ὧδέ
757 2394 822 2429 μοι
851 2379 1114 2429 προύπεμπεν,
1138 2378 1224 2418 ἀντὶ
1252 2376 1440 2429 φιλτάτης
1461 2379 1628 2429 Μορφῆς
1648 2379 1797 2418 σποδόν

356 2462 400 2486 τε
429 2446 491 2486 καὶ
521 2446 636 2485 σκιὰν
666 2445 863 2497 ἀνωφελῆ.
913 2445 1061 2500 Eurip.
1089 2444 1233 2500 Suppl.
1262 2457 1380 2498 1130.
1403 2448 1550 2485 σποδοῦ
1579 2461 1622 2485 τε
1650 2448 1797 2495 πλῆθος

357 2513 496 2565 ὀλίγον
516 2511 601 2552 ἀντὶ
621 2511 809 2562 σωμάτων
829 2512 1053 2563 Εὐδοκίμων
1073 2511 1118 2562 δή
1138 2511 1221 2552 ποτ’
1245 2513 1288 2552 ἐν
1309 2511 1521 2561 Μυκήναις.
1582 2513 1679 2552 Mos
1697 2523 1797 2562 erat,

356 2578 577 2620 combustis
598 2578 863 2618 cadaveribus
883 2593 1024 2619 eorum
1046 2578 1116 2634 qui
1138 2578 1280 2634 procul
1300 2594 1325 2619 a
1344 2579 1475 2634 patria
1493 2578 1794 2627 interciderant,

356 2646 510 2687 cineres
529 2656 569 2686 et
590 2660 679 2686 ossa
700 2644 904 2699 colligere,
927 2653 972 2685 ut
991 2645 1159 2686 domum
1182 2644 1307 2685 relata
1321 2645 1377 2686 ibi
1393 2645 1680 2701 sepelirentur:
1714 2645 1794 2685 vid.

359 2713 556 2770 Thucyd.
579 2713 619 2762 6,
643 2723 711 2766 71.
745 2713 973 2753 BLOMF.

411 2794 511 2833 444.
531 2779 705 2831 λέβητας
725 2778 792 2819 Fl.
823 2779 911 2822 τοὺς
929 2778 1102 2830 λέβητας
1123 2779 1176 2820 Τ.
1202 2778 1344 2834 Steph.

414 2846 585 2901 εὐθέτου]
611 2845 880 2888 Scribendum
903 2846 1080 2889 εὐθέτους
1099 2860 1192 2887 eum
1217 2845 1408 2887 Stanleio.

412 2916 509 2966 446.
530 2913 656 2967 μάχης
675 2913 786 2967 ἴδρις]
807 2913 914 2954 Haec
933 2913 1056 2954 verba
1076 2911 1209 2953 versui
1239 2911 1487 2968 praecedenti
1515 2910 1792 2967 adj-ungenda,
