1962 3224
636 135 725 176 AD
758 133 1112 176 SUPPLICES.
1518 131 1606 176 597

200 263 435 310 295—300.
458 253 736 293 Personarum
756 260 876 291 notas
892 262 973 289 om.
994 248 1131 288 Turn.

198 333 297 377 295.
322 324 430 373 Ζῆνα
449 318 650 374 μιχθῆναι]
674 317 886 360 Eusebius
913 315 1108 357 Chronie.
1132 315 1235 356 Can.
1269 315 1368 358 Ζεὺς
1398 316 1512 369 ἐμίγη
1532 314 1608 356 Ἰοῖ

139 392 186 446 τῇ
208 390 368 444 θυγατρὶ
386 388 559 442 Ἰνάχου.
594 388 747 428 Noster
765 385 907 427 itidem
930 383 972 425 in
995 384 1247 426 Prometheo
1267 398 1305 426 v.
1329 386 1426 440 736.

594 469 686 523 τῇδε
707 467 784 519 γὰρ
806 467 926 517 θνητῇ
947 463 1036 507 θεὸς

424 533 579 592 χρῄζων
598 537 769 588 μιγῆναι.

139 627 272 667 Porro
301 623 416 681 quod
447 624 602 666 aeditua
630 623 757 665 fuerit
788 623 833 664 Io
862 623 893 664 J
899 621 1046 664 unonis
1068 621 1243 678 Argivae
1273 630 1450 664 testatur
1478 623 1601 665 etiam

138 693 424 751 Apollodorus
446 705 487 744 2,
515 706 550 734 Ι.
569 693 727 744 Ταύτην
756 692 827 743 τὴν
851 690 916 732 Ἰὼ
942 691 1148 744 ἱεροσύνην
1177 693 1243 742 τῆς
1263 689 1396 743 ’Ἠρας
1428 691 1604 746 ἔχουσαν

140 763 238 806 Ζεὺς
272 763 442 816 ἔφθειρε.
505 760 624 802 Idem
664 760 801 816 inquit
841 759 1098 817 Hesychius,
1136 759 1232 801 licet
1264 759 1517 816 depravatus
1551 761 1604 803 sit

140 831 285 881 codex,
319 830 384 871 Ἰὼ
415 830 690 871 καλλιθύεσσα
724 830 904 870 ἐκαλεῖτο
933 829 957 880 ἡ
990 828 1121 881 πρώτη
1157 827 1279 881 ἱέρεια
1318 831 1385 880 τῆς
1417 827 1602 881 Ἀθηνᾶς.

141 901 171 941 J
175 899 316 955 oseph.
336 898 518 954 Scaliger
533 897 574 938 in
592 897 750 938 Euseb.
765 912 862 938 ann.
876 908 974 952 377.
991 911 1031 952 p.
1049 909 1114 949 24.
1132 895 1183 936 de
1199 896 1278 937 hoc
1294 896 1382 938 loco
1399 897 1603 954 Hesychii

140 983 280 1025 agens,
309 967 490 1015 Videtur,
511 965 663 1022 inquit,
682 980 768 1007 esse
787 966 872 1006 lcaec
892 965 941 1006 de
960 979 1044 1021 qua
1072 965 1295 1021 loquimur,
1319 967 1557 1017 Καλλίθυια,
1578 967 1603 1019 ἡ

139 1037 270 1090 πρώτη
293 1035 414 1089 ἱέρεια
441 1038 508 1086 τῆς
525 1033 671 1088 ‘'Hpas,
692 1049 776 1075 non
798 1036 863 1085 τῆς
881 1032 1063 1085 Ἀθηνᾶς.
1105 1034 1168 1074 Et
1187 1047 1289 1075 Sane
1309 1040 1371 1075 est
1388 1048 1509 1076 error
1527 1042 1604 1078 aut

139 1104 348 1160 Hesychii
376 1109 453 1144 aut
481 1104 712 1160 scriptoris,
737 1104 810 1159 qui
840 1102 914 1143 hoc
942 1103 1006 1143 illi
1031 1104 1273 1159 persuasit:
1303 1118 1401 1144 nam
1430 1120 1510 1161 pro
1538 1105 1603 1146 Ἰὼ

140 1173 414 1215 καλλιθύεσσα
443 1172 680 1229 legendum,
699 1170 776 1212 Ἰώ·
810 1172 1048 1212 Καλλίθυια.
1079 1177 1128 1211 ut
1156 1172 1311 1227 duplex
1348 1173 1413 1213 illi
1453 1188 1602 1215 nomen

119 1242 286 1298 ficerit,
300 1239 378 1289 Ἰώ,
400 1246 447 1281 ut
465 1240 582 1297 apud
600 1240 907 1296 Apollodorum,
926 1241 1162 1289 Καλλίθυια,
1185 1247 1232 1282 ut
1250 1240 1317 1281 hic
1336 1242 1453 1298 apud
1466 1242 1604 1284 Euse-

138 1309 266 1351 bium.
312 1307 484 1349 Eusebii
516 1308 640 1349 verba
665 1317 776 1357 sunt,
800 1307 956 1349 Chron.
980 1308 1085 1349 Can.
1107 1308 1159 1349 ad
1181 1324 1336 1351 annum
1357 1319 1456 1365 377.
1490 1315 1600 1352 Καλ-

138 1377 272 1418 λίθυια
302 1378 543 1429 Σπείραντος
573 1377 617 1417 ἐν
637 1375 780 1429 Ἀργει
809 1380 964 1430 πρῶτον
995 1376 1223 1430 ἱεράτευσεν
1252 1381 1319 1430 τῆς
1341 1377 1488 1432 Ἵ-Ιρας.
1521 1379 1602 1429 vel,

139 1447 196 1487 D.
218 1445 480 1502 Hieronymo
508 1444 747 1501 interprete,
778 1446 835 1486 In
860 1446 997 1502 Argis
1023 1446 1167 1502 prima
1196 1446 1426 1488 sacerdotio
1435 1449 1604 1504 functa

139 1520 200 1556 est
222 1514 437 1570 callithya
459 1514 784 1570 Pirantlzifilz'a.
823 1512 943 1555 Idem
966 1513 1121 1555 tradit
1112 1529 1154 1554 m
1176 1529 1352 1570 praepar.
1374 1516 1539 1573 Evang.
1560 1530 1603 1572 3.

138 1597 180 1638 p.
203 1595 257 1637 99
280 1582 332 1623 Β.
357 1597 408 1623 ex
430 1581 681 1623 Plutarcho:
736 1581 908 1636 Λέγεται
929 1583 971 1623 δὲ
993 1583 1179 1635 Πείρας(
1160 1600 1181 1623 ο
1202 1587 1353 1636 πρῶτος
1372 1581 1605 1638 Ἀργολίδος

133 1648 266 1703 Ἥρας
297 1650 403 1704 ἱερὸν
435 1651 643 1703 εἱσάμενος
677 1650 745 1702 τὴν
778 1652 917 1692 ἑαυτοῦ
944 1650 1140 1704 θυγατέρα
1175 1652 1424 1693 Καλλίθυιαν
1457 1653 1604 1706 ἱέρειαν

141 1718 401 1771 καταστήσας,
425 1720 468 1760 ἐκ
496 1723 574 1760 τῶν
593 1720 682 1772 περὶ
701 1720 876 1773 Τίρυνθα
896 1718 1113 1773 δένδρων
1086 1736 1212 1774 οχνην
1236 1720 1363 1772 τεμὼν
1392 1721 1606 1764 εὐκτέανον

133 1783 266 1839 Ἤρας
300 1786 464 1839 ἄγαλμα
495 1791 716 1841 μορφῶσαι.
778 1787 1029 1829 Phoronidis
1058 1795 1203 1828 auctor
1239 1787 1322 1844 [ap.
1358 1788 1492 1831 Clem.
1528 1790 1603 1832 Al.

143 1854 294 1895 Strom.
319 1867 355 1895 1.
376 1869 414 1910 p.
441 1854 559 1910 418.]

257 1935 467 1987 Καλλιθόη
488 1937 704 1989 κληὸοῦχος
725 1933 986 1990 [κλειδοῦχος]
1005 1933 1273 1987 Ὀλυμπιάδος
1291 1940 1503 1991 βασιλείης

250 2001 380 2056 ”Ηρης
398 2002 592 2056 Ἀργείης,
614 2002 662 2053 ἣν
685 2002 739 2058 [ἢ]
761 2002 958 2055 στέμμασι
979 2003 1042 2044 καὶ
1062 2002 1270 2046 θυσάνοισι

257 2070 400 2123 Πρώτη
423 2071 645 2122 ἐκόσμησεν
665 2070 753 2124 περὶ
774 2071 885 2111 κίονα
904 2070 1055 2123 μακρὸν
1075 2070 1266 2124 ἀνάσσης.

143 2159 293 2201 Theon
313 2159 357 2200 in
378 2159 540 2201 scholiis
559 2159 601 2201 in
623 2161 802 2201 Aratum
827 2160 974 2202 Phaen.
1000 2163 1093 2203 161.
1116 2162 1349 2205 Καλλιθέαν
1369 2175 1502 2208 vocat.
1553 2169 1607 2210 Οἱ

142 2229 185 2268 δὲ
203 2229 419 2281 μυθολόγοι
444 2228 515 2269 τὸν
533 2226 730 2282 Ἡνίοχον
748 2227 940 2282 λέγουσιν
961 2229 1061 2271 εἶναι
1092 2231 1258 2273 εἴδωλον
1283 2230 1306 2283 ἢ
1328 2236 1606 2289 Βελλεροφόν-

141 2311 209 2337 του
227 2294 252 2347 ἢ
271 2296 471 2350 Τροχίλον
501 2298 567 2348 τῆς
589 2296 689 2352 [τοῦ]
713 2297 938 2341 Καλλιθέας
966 2298 1107 2342 παιδὸς
1136 2302 1203 2351 τῆς
1231 2302 1383 2358 πρώτης
1408 2304 1452 2344 ἐν
1462 2302 1607 2358 Ἀργει

141 2363 356 2416 γενομένης
377 2365 531 2417 ἱερείας,
555 2365 658 2418 ἅρμα
677 2369 832 2419 πρῶτον
853 2366 1037 2422 [πρώτου]
1061 2367 1280 2419 ζεύξαντος.
1325 2371 1481 2412 Verum
1506 2372 1602 2413 Cal-

141 2429 316 2487 lithyam
345 2431 526 2487 primum
547 2432 625 2474 hoc
646 2433 871 2475 sacerdotio
895 2434 1080 2476 functam
1102 2451 1204 2488 esse,
1225 2437 1303 2478 nisi
1333 2439 1474 2481 eadem
1507 2456 1603 2482 curn

143 2499 248 2540 Ione
276 2499 417 2550 fuerit,
446 2499 499 2540 de
529 2515 613 2555 qua
641 2500 748 2542 idem
782 2501 953 2543 tradunt
977 2503 1219 2560 AEschylus,
1240 2506 1541 2562 Apollodorus,
1563 2518 1605 2550 et

142 2565 223 2617 alii,
252 2581 400 2623 parum
423 2567 639 2608 verisimile
659 2581 747 2620 est3
780 2569 894 2624 quod
915 2585 1014 2611 vero
1039 2571 1183 2613 eadem
1217 2573 1358 2624 fuerit,
1379 2591 1430 2616 ex
1463 2577 1605 2633 Hesy-

142 2633 235 2675 chio
264 2649 398 2690 nuper
426 2633 596 2676 laudato
629 2635 820 2692 colligere
853 2646 928 2679 est,
960 2638 1182 2681 STANL.
1234 2642 1286 2682 V.
1317 2643 1461 2699 Heyn.
1491 2646 1548 2686 ad
1577 2644 1604 2687 l.

143 2701 408 2758 Apollodori.

201 2769 296 2823 296.
329 2769 476 2823 κρυπτά
498 2771 669 2825 (κρύβδα
691 2770 897 2813 Stanleius
923 2774 1052 2826 recte)
1074 2773 1111 2828 γ’
1128 2773 1277 2832 “Ηρας]
1303 2777 1434 2831 κρυπτ’
1457 2780 1606 2834 ἄγκρας

200 2905 539 2958 παλλακισμάτων
573 2906 682 2949 Rob.
723 2922 774 2949 ex
804 2908 1051 2965 conjectura.
1111 2915 1411 2966 παλλαγμάτων
1443 2916 1605 2961 codices
