1962 3224
374 199 458 241 418
845 199 1334 242 ANNOTATIONES

372 310 504 362 λιβάς,
521 320 640 367 gutta
659 321 731 352 aut
751 311 893 353 stilla.”
911 313 1030 354 Foes.
1050 313 1200 353 OEcon.
1218 312 1417 368 Hippoer.
1440 326 1482 366 p.
1499 312 1596 366 384.
1615 309 1802 365 Choeph.

370 379 467 429 446.
499 377 721 431 ἑτοιμότερα
740 378 911 432 γέλωτος
931 379 1125 431 ἀνέφερον
1143 380 1254 430 λίβη,
1272 379 1490 432 lacryma-5¹.
1524 378 1752 418 BLOMF.

427 444 637 497 ἐμπρέπειν
658 446 934 486 Hermannus.
967 445 1152 498 ἐμπρέπει
1172 446 1386 486 Canterus.
1413 444 1642 497 εὐπρέπειαν
1662 443 1801 498 vulgo.

370 511 412 552 εὖ
431 510 570 564 πρέπει
591 511 646 552 Τ.

429 590 548 631 1429.
571 578 720 634 ἄτιτον]
742 579 944 620 Inultum.
1004 576 1070 619 Sic
1089 577 1245 619 correxi
1264 577 1375 633 quod
1396 577 1437 618 in
1459 577 1523 618 Fl.
1546 574 1601 617 Τ.
1633 575 1798 623 ἀτίετον,

366 643 491 699 vulgo
510 654 646 685 autem
667 647 792 686 τίετον
812 645 1006 701 scriptum
1027 654 1100 686 est.

427 723 549 766 1430.
569 712 731 764 τύμματι
752 713 807 753 Is.
827 711 1003 753 Vossius.
1034 712 1159 763 τύμμα
1177 710 1284 751 libri.
1305 710 1490 766 Choeph.
1512 723 1609 765 310.
1644 708 1730 750 ἀντὶ
1756 708 1798 748 δὲ

365 780 514 830 πληγῆς
535 779 674 830 φονίας
694 779 838 830 φονίαν
857 777 1011 830 πληγὴν
1030 777 1176 819 τινέτω.

427 856 545 898 1431.
569 844 732 898 ἀκούεις]
755 844 909 899 Aptius
927 853 1030 885 esset
1050 845 1230 885 ἄκουσον.

424 923 545 965 1433.
565 910 737 968 Ἐρινύν]
756 909 937 962 Ἐριννύν
956 910 1062 951 libri.

425 990 544 1032 ¹434·
566 977 768 1032 ἐμπατεῖν]
791 977 1056 1018 Scribendum
1081 979 1244 1029 ἐμπατεῖ
1260 992 1352 1018 cum
1376 976 1442 1018 Fl.
1465 975 1519 1017 T.

419 1042 550 1095 φόβου
578 1043 793 1099 μέλαθρον]
823 1044 1091 1099 Musg‘ravius
1119 1044 1216 1085 citat
1246 1044 1378 1100 Orpb.
1399 1047 1486 1085 Λιθ.
1518 1044 1584 1096 76.
1615 1043 1798 1092 ὄλβου-

362 1114 478 1162 δῶμα.
541 1112 668 1152 Hunc
698 1126 857 1152 versum
889 1112 1062 1153 contulit
1091 1111 1312 1153 Elmsleius
1340 1126 1433 1152 cum
1458 1110 1604 1166 Eurip.
1627 1109 1794 1150 Heracl.

361 1179 456 1233 996.
487 1179 589 1221 ὅπως
618 1179 769 1233 δῃώσας
798 1179 860 1220 καὶ
891 1179 1139 1222 κατακτείνας
1165 1179 1278 1231 ἐμοὺς
1298 1178 1501 1232 Ἐχθροὺς,
1522 1177 1565 1218 τὸ
1585 1176 1725 1218 λοιπὸν
1742 1175 1796 1227 μὴ

359 1243 576 1295 ξυνοικοίην
596 1244 725 1299 φόβῳ.
757 1245 980 1287 BLOMF.

421 1323 541 1365 1435.
565 1312 656 1363 ε’μῆς
677 1313 899 1352 Porsonus.
933 1314 1026 1363 ἐμᾶς
1045 1311 1151 1352 libri.

419 1379 537 1432 1438.
586 1376 781 1433 γυναικὸς]
830 1378 1155 1434 Clytaemnestrae
1204 1377 1353 1419 scilicet
1373 1393 1386 1425 3
1438 1379 1629 1420 δεικτικῶς
1649 1393 1659 1417 :
1710 1375 1794 1417 vid.

358 1443 506 1485 Monk.
526 1445 577 1485 ad
601 1445 754 1486 Alcest.
777 1458 874 1500 341.
906 1442 1130 1486 BLOMF.

411 1511 682 1566 λυμαντήριος]
716 1514 797 1560 Qui
826 1514 988 1568 injuria
1017 1513 1155 1567 afficit.
1187 1510 1398 1552 Prometh.
1419 1520 1538 1564 1027.
1572 1511 1696 1561 δεσμὰ
1725 1514 1794 1551 λυ-

353 1577 552 1630 μαντήρια.
586 1579 770 1635 Choeph.
795 1581 887 1633 762.
919 1580 1061 1633 στείχω
1091 1577 1120 1619 δ’
1144 1577 1202 1619 ἐπ’
1224 1578 1345 1630 ἄνδρα
1373 1580 1493 1618 τῶνδε
1521 1576 1793 1629 λυμαντήριον.

354 1645 600 1686 Eustathius
619 1645 671 1686 ad
695 1646 746 1686 ΙΙ.
768 1647 827 1687 A.
851 1661 891 1702 p.
912 1647 981 1695 61,
998 1658 1062 1688 12.
1083 1661 1108 1686 a
1127 1647 1311 1686 Porsono
1329 1643 1554 1690 indicatus;
1593 1643 1724 1684 ἰστέον
1751 1645 1793 1684 δὲ

354 1712 414 1751 ὅτι
443 1715 607 1752 τοιοῦτοι
638 1712 753 1765 λόγοι
784 1713 855 1766 (de
886 1712 1111 1768 Chryseide
1141 1714 1216 1763 sc.)
1250 1714 1318 1751 τοῦ
1348 1709 1652 1763 Ἀγαμέμνονος,
1687 1712 1793 1763 παρὰ

354 1781 436 1820 τοῖς
464 1779 839 1832 πλασματογράφοις
867 1784 943 1820 τῶν
970 1778 1140 1832 ῥητόρων
1159 1776 1334 1819 διδόασιν
1355 1778 1534 1829 ἀφορμὰς
1564 1778 1793 1829 κατηγορίας

352 1845 398 1900 τῇ
438 1845 775 1900 Κλυταιμνήστρᾳ,
814 1847 908 1897 ἥτις,
941 1847 1118 1899 μοιχείας
1156 1844 1433 1898 ἐγκαλουμένη,
1471 1846 1596 1885 καλῶς
1630 1842 1679 1884 ἂν
1711 1845 1791 1884 ἑπι-

350 1910 542 1964 μέμφοιτο
565 1915 614 1967 τῷ
634 1916 810 1963 βασιλεῖ,
833 1913 883 1956 ὣς
912 1913 1026 1963 αὐτῆς
1055 1913 1151 1952 οὕτω
1182 1909 1400 1963 προτιθέντι
1428 1909 1499 1960 τὴν
1528 1909 1790 1962 αἰχμάλωτον.

353 1978 577 2019 BLOMF.

412 2058 532 2099 ¹439·
566 2045 815 2100 Χρυσηίδων]
853 2045 1031 2086 Pluralis
1065 2059 1260 2086 numerus
1296 2043 1376 2084 vim
1413 2041 1621 2084 sententiae
1651 2051 1790 2098 auget,

350 2111 433 2152 sive
452 2127 675 2153 sarcasmus
696 2113 760 2162 sit,
781 2128 851 2153 seu
871 2112 1066 2153 laudatio.
1116 2111 1294 2166 Longin.
1317 2127 1358 2152 π.
1378 2111 1412 2151 ὑ.
1434 2113 1465 2161 ξ.
1493 2122 1558 2164 23.
1580 2110 1671 2150 ἀλλ’
1690 2110 1792 2161 ὅμως

350 2179 482 2232 χυθεὶς
503 2181 557 2223 εἷς
576 2182 624 2221 τὰ
643 2181 883 2231 πληθυντικᾶ
904 2181 924 2220 ὁ
946 2179 1104 2232 ἀριθμὸς
1131 2177 1399 2228 συνεπλήθυνε
1429 2177 1492 2217 καὶ
1520 2178 1588 2219 τὰς
1617 2177 1787 2230 ἀτυχίας·

350 2246 399 2288 ὣς
430 2247 490 2287 καὶ
522 2248 652 2287 ἐκεῖνα
680 2245 1227 2295 πεπλεόνασται-Ἐξῆλθον
1254 2242 1442 2295 Ἕκτορές
1470 2259 1513 2283 τε
1544 2243 1606 2283 καὶ
1633 2243 1787 2295 Σαρπή-

349 2315 470 2359 δονες,
493 2327 616 2367 quem
638 2311 827 2367 AEschyli
849 2311 1048 2352 senarium
1071 2326 1155 2351 esse
1183 2309 1412 2365 suspicatur
1433 2308 1720 2350 Valckenarius
1746 2309 1787 2350 in

349 2377 551 2418 Adoniaz.
573 2393 614 2433 p.
633 2391 730 2432 413.
753 2378 802 2417 C.
848 2377 999 2418 Incert.
1023 2376 1150 2416 Rhes.
1174 2376 1267 2416 866.
1289 2375 1355 2415 οὐκ
1377 2374 1463 2415 οἶδα
1489 2374 1574 2418 τοὺς
1597 2376 1701 2425 σοὺς,
1723 2376 1788 2419 οὓς

347 2443 492 2496 λέγεις,
522 2443 755 2486 Ὀδυσσέας.
799 2443 868 2483 Cf.
902 2442 1062 2483 Platon.
1095 2443 1264 2482 Menex.
1300 2455 1325 2481 a
1352 2440 1541 2496 Longino
1573 2441 1786 2482 laudatum

345 2509 373 2551 l.
394 2525 429 2551 c.
492 2510 557 2551 Sic
589 2509 703 2567 apud
736 2509 901 2551 Latinos
935 2510 1135 2550 Horatius
1167 2508 1393 2549 Catonibus
1426 2513 1547 2564 atque
1579 2509 1785 2565 Cethegis.

347 2578 502 2618 Lucan.
520 2591 556 2628 1,
572 2590 669 2633 313.
689 2577 994 2633 Marcellusque
1013 2576 1179 2631 loquax,
1195 2581 1244 2625 et,
1262 2575 1432 2615 nomina
1454 2589 1577 2625 vana,
1597 2577 1782 2616 Catones.

346 2644 417 2685 ubi
438 2644 519 2685 vid.
545 2644 816 2700 Oudendorp.
838 2656 876 2685 et
899 2643 1028 2684 Cicer.
1048 2642 1100 2683 de
1119 2642 1255 2683 Amic.
1278 2643 1316 2682 6.
1349 2641 1577 2683 BLOMF.

407 2725 525 2764 1441.
557 2712 619 2752 καὶ
650 2710 916 2764 κοινόλεκτρος
945 2713 1068 2757 τοῦδε,
1101 2707 1412 2762 θεσφατηλόγος]
1445 2707 1528 2749 Hic
1550 2723 1686 2749 versus
1714 2708 1784 2749 de-

345 2778 491 2819 lendus
511 2779 675 2819 videtur
696 2777 861 2818 Bothio.

410 2857 527 2897 1442.
551 2844 758 2899 ναυτίλων]
781 2848 967 2885 ναυτικῶν
987 2843 1272 2885 casaubonus.

404 2924 523 2966 1443.
547 2911 746 2963 ἰσοτριβὴς
766 2910 971 2952 Pauwius.
1004 2911 1224 2962 ἱστοτρίβης
1245 2908 1345 2950 libri.
