1962 3224
353 208 438 248 332
826 203 1320 246 ANNOTATIONES

357 318 609 368 Ψακαλοΰχοι
628 312 817 366 Μητέρες,
839 311 948 365 αἳγές
975 313 1006 352 τ’
1028 311 1296 363 ἐπιμαστίδιον
1315 311 1442 351 Γόνον
1459 311 1680 364 ὀρταλίχων
1698 311 1792 353 ἀνω·

358 381 577 435 φαίνοιεν.”
633 381 755 420 Hanc
794 377 1116 420 emendationem
1150 377 1192 418 in
1224 376 1360 417 animo
1392 375 1536 417 habuit
1568 377 1790 427 Porsonus,

360 463 489 504 quum
510 447 656 489 edebat
681 448 804 488 πόνον
828 446 1096 498 Τόρταλίχων.
1156 443 1433 499 Aliquatenus
1454 443 1716 484 confirmatur
1740 456 1792 483 ex

361 513 589 554 Heliodoro
608 513 726 553 AEth.
748 526 786 556 2.
810 527 848 568 p.
870 525 961 552 100.
990 512 1133 563 ὥσπερ,
1162 510 1278 560 οἶμαι,
1299 509 1357 551 τὶς
1385 510 1501 561 ὅρνις,
1523 509 1650 561 ὄφεως
1679 508 1794 558 αὐτῆς

360 580 430 631 τὴν
456 582 596 620 καλιὰν
621 582 867 631 πορθοῦντος,
899 579 942 618 ἐν
969 579 1188 630 ὀφθαλμοῖς
1219 592 1261 616 τε
1292 575 1362 626 τὴν
1392 575 1513 628 γονὴν
1542 573 1790 626 θοινωμένου,

358 649 594 698 προσελθεῖν
612 647 684 697 μὲν
704 647 822 692 ὀκνεῖ,
845 645 1006 697 φεύγειν
1025 645 1067 684 δὲ
1087 643 1131 683 οὐ
1152 642 1278 695 φέρει,
1299 642 1419 684 πόθος
1443 643 1519 694 γὰρ
1548 642 1591 682 ἐν
1611 641 1704 691 αὐτῇ
1730 640 1792 681 καὶ

359 711 482 755 πάθος
511 711 847 764 ἆνταγωνίζονται·
883 714 1076 763 τετριγυῖα
1105 710 1147 750 δὲ
1175 710 1425 760 περιποτᾶται
1453 706 1523 758 τὴν
1549 707 1790 759 πολιορκίαν,

360 780 414 821 εἰς
443 777 521 819 ὦτα
550 777 735 829 ἀνήμερα,
763 778 825 817 καὶ
854 778 911 819 οἷς
940 777 1054 817 ἔλεον
1078 776 1146 816 οὐκ
1176 775 1388 827 ἐγνώρισεν
1406 774 1430 824 ἡ
1450 774 1580 826 φύσις,
1602 772 1794 824 ἀνήνυτον

360 845 548 896 ἱκετηρίαν
567 843 636 884 τὸν
654 844 829 897 μητρῷον
850 841 1065 895 εἰσάγουσα
1085 845 1239 894 θρῆνον.
1267 855 1387 896 quem
1409 839 1559 888 locum,
1581 839 1678 894 quia
1697 838 1790 894 pul-

357 912 579 954 cherrimus
605 921 677 958 est,
699 922 740 952 et
768 926 818 952 ex
849 910 1123 966 pulcherrima
1144 909 1317 950 Homeri
1346 908 1615 962 descriptione
1643 907 1791 948 adum-

357 979 474 1020 brata
497 977 636 1031 (Iliad,
660 981 703 1017 B.
723 979 838 1031 307.)
864 977 960 1017 ideo·
983 976 1204 1032 pleniorem
1234 975 1436 1031 exscripsi.
1498 974 1678 1016 Similem
1706 974 1792 1016 fere

353 1044 488 1085 locum
523 1043 659 1084 videas
690 1043 733 1084 in
763 1043 954 1084 Analect.
992 1041 1176 1085 Brunck.
1207 1041 1288 1084 vol.
1320 1054 1358 1084 2.
1390 1056 1430 1096 p.
1465 1053 1530 1096 23.
1562 1041 1792 1082 BLOMF.

357 1109 601 1163 δεμνιοτήρης
614 1109 848 1165 Hesychius
863 1109 915 1150 de
930 1109 1053 1165 pullis
1072 1109 1189 1150 nidos
1208 1108 1464 1150 servantibus
1477 1107 1789 1164 interpretatur;

356 1192 434 1232 ego
453 1176 589 1232 potius
608 1175 660 1216 de
680 1175 926 1217 vulturibus.
958 1176 1175 1217 STANL.

411 1255 483 1297 55.
512 1241 738 1296 Ἀπόλλων]
772 1242 994 1283 Vulturum
1025 1241 1238 1283 miseretur
1262 1241 1431 1298 Apollo,
1458 1241 1556 1297 quia
1584 1255 1790 1296 augurum

357 1308 483 1357 deus;
535 1309 639 1357 Pan,
678 1307 776 1364 quia
814 1318 1081 1357 venatorum3
1132 1309 1316 1366 Jupiter,
1363 1309 1461 1365 quia
1506 1318 1791 1365 tyrannorum.

361 1375 583 1417 STANL.

414 1441 483 1494 56.
504 1439 613 1479 Olim
634 1439 691 1480 sic
709 1439 1079 1496 intel-pungebatur
1098 1440 1164 1482 hic
1183 1441 1310 1492 locus,
1331 1441 1563 1493 οἰωνόθροον
1582 1441 1682 1481 Γόον
1708 1441 1794 1490 ὀξυ-

357 1508 462 1558 βόαν
480 1510 614 1548 Τῶνδε
631 1508 830 1558 μετοίκων,
851 1508 1130 1561 ὑστερόποινον
1151 1527 1182 1550 κ.
1204 1526 1238 1550 τ.
1259 1514 1300 1550 λ.
1362 1508 1572 1563 Virgulam
1602 1517 1694 1563 post
1721 1523 1790 1559 με·

356 1573 493 1613 τοίκων
512 1582 620 1614 recte
639 1573 789 1614 delevit
810 1574 1015 1615 Pauwius.
1060 1574 1197 1616 Aliter
1215 1584 1349 1616 tamen
1371 1573 1497 1615 schol.
1521 1573 1731 1629 Sophoclis
1749 1573 1791 1614 in

358 1638 463 1679 OEd.
488 1638 575 1679 Col.
599 1651 694 1694 929.
715 1639 788 1694 qui
806 1639 941 1680 locum
964 1654 1044 1680 non
1065 1639 1275 1682 intellexit.
1297 1640 1477 1694 κέχρηται
1497 1641 1540 1681 δὲ
1560 1640 1621 1680 καὶ
1641 1639 1792 1692 Αἰσχύ-

355 1708 426 1747 λος
445 1705 507 1745 ἐπὶ
526 1708 602 1745 τῶν
621 1706 767 1745 οἰωνῶν
787 1706 831 1745 ἐν
849 1703 1128 1757 Ἀγαμέμνονι,
1149 1705 1280 1759 λέγων
1293 1707 1422 1753 οὕτως,
1438 1709 1572 1746 Τῶνδε
1590 1705 1793 1756 μετοίκων·

355 1771 552 1822 μετοίκους
569 1772 644 1823 γὰρ
666 1771 750 1811 εἷπε
768 1775 845 1811 τῶν
864 1772 1031 1822 ὑψηλῶν
1050 1773 1178 1813 τόπων
1198 1773 1286 1815 τοὺς
1313 1772 1471 1816 οἰωνοὺς
1498 1773 1590 1819 ἐκεῖ,
1612 1769 1698 1812 ἀντὶ
1723 1774 1794 1812 τοῦ

359 1837 542 1879 ἐνοίκους.
575 1837 801 1877 BLOMF.
862 1837 991 1878 Recte
1012 1838 1217 1879 Pauwius.

414 1903 483 1956 58.
498 1903 801 1958 b{nr-repdvrowov]
823 1904 992 1944 Poenam
1011 1905 1204 1945 seriorem
1224 1906 1470 1961 qff'erentem.
1493 1904 1680 1960 Choeph.
1695 1913 1792 1960 379.

354 1972 442 2016 Ζεῦ,
465 1972 553 2020 Ζεῦ,
576 1969 746 2010 κάτωθεν
764 1969 979 2022 ἀμπέμπων
997 1968 1302 2023 Ὗστερόποινον
1321 1972 1434 2012 ἄταν.
1489 1970 1650 2012 Eodem
1671 1985 1791 2012 sensu

354 2036 538 2076 Nemesis
563 2035 712 2076 dicitur
737 2037 974 2089 ὑστερόπους
998 2036 1039 2076 in
1063 2036 1263 2077 Stratonis
1284 2037 1431 2092 Epigr.
1451 2052 1518 2093 ap.
1539 2037 1716 2078 Dorvill.
1737 2037 1791 2078 ad

356 2101 511 2143 Charit.
533 2117 576 2158 p.
598 2112 688 2156 197.
721 2103 861 2158 Toup.
881 2102 922 2143 in
945 2102 1079 2144 Schol.
1106 2102 1282 2144 Theocr.
1300 2105 1342 2154 6,
1365 2117 1428 2158 13.
1448 2105 1688 2156 ὑστερόπουν
1708 2102 1795 2153 ἆζό-

355 2185 466 2221 μενοι
478 2169 666 2220 Νέμεσιν.
698 2169 882 2226 Scriptor
895 2170 1185 2226 Orphicorum,
1197 2171 1388 2225 Argon.'1
1399 2183 1416 2210 1
1424 2172 1489 2223 67.
1505 2171 1593 2211 ἐπεί
1603 2171 1648 2211 νύ
1659 2172 1696 2211 οἰ
1708 2171 1795 2212 αἰὲν

357 2234 510 2287 Ἐρινὺς
521 2236 689 2286 Αἵματος
702 2237 891 2288 ἐμφύλοιο
906 2237 1134 2280 δεδουπότος
1146 2235 1360 2289 Ἀψύρτοιο
1373 2235 1636 2289 “Ύστερόπονς
1647 2237 1793 2278 ἕπεται.

362 2301 618 2342 Theodectes
632 2316 697 2357 ap.
716 2302 829 2342 Stob.
843 2301 934 2343 Ecl.
948 2317 986 2357 p.
999 2314 1092 2357 123.
1107 2303 1181 2343 Gr.
1192 2300 1321 2343 ‘'Orav
1333 2303 1376 2343 δὲ
1391 2306 1638 2355 φωραθῶσιν,
1651 2302 1795 2355 ὀφθέν-

357 2383 420 2410 τες
435 2369 555 2415 κακοὶ,
572 2369 735 2408 Τίνουσι
749 2370 886 2412 ποινᾶς
905 2368 1126 2421 ὑστέροισιν
1147 2369 1190 2409 ἐν
1208 2367 1377 2422 χρόνοις.
1408 2370 1583 2424 Nempe,
1605 2368 1718 2424 quod
1736 2368 1794 2409 ait

360 2432 502 2488 Lysias
517 2443 657 2475 contra
673 2433 877 2475 Andocid.
891 2449 932 2489 p.
953 2435 1045 2475 106.
1063 2434 1126 2476 ed.
1145 2435 1305 2489 Auger.
1324 2435 1411 2476 οὔτε
1424 2437 1445 2475 ὁ
1462 2435 1550 2478 θεὸς
1561 2437 1795 2489 παραχρῆμα

359 2498 528 2550 κολάξει,
549 2500 632 2549 sed,
654 2500 876 2541 secundum
898 2500 1156 2556 Euripidem,
1184 2505 1280 2554 σῖγα
1309 2501 1371 2542 καὶ
1400 2504 1542 2553 βραδεῖ
1565 2502 1656 2542 ποδὶ
1686 2502 1795 2543 Στεί-

357 2582 498 2619 χουσα,
528 2564 692 2618 μάρπτει
721 2565 809 2609 τοὺς
837 2566 985 2614 κακοὺς,
1015 2567 1110 2608 ὅταν
1136 2567 1245 2620 τύχῃ.
1267 2566 1351 2607 vid.
1373 2566 1585 2608 Plutarch.
1613 2567 1665 2609 de.
1696 2570 1795 2609 Sera

358 2633 400 2673 N
405 2632 470 2673 .V.
492 2647 532 2688 p.
554 2635 593 2673 6.
614 2633 678 2674 ed.
700 2633 922 2689 Wyttenb.
946 2634 1094 2674 Horat.
1118 2634 1168 2674 C.
1188 2646 1230 2688 3,
1254 2646 1292 2681 2,
1313 2646 1381 2688 3¹·
1424 2635 1542 2675 Raro
1560 2634 1796 2675 mateceden-

356 2703 436 2739 tem
455 2700 663 2740 scelestum
682 2700 880 2740 Deseruit
895 2699 996 2755 pede
1017 2700 1151 2740 Poena
1169 2700 1328 2741 claudo.
1366 2699 1447 2741 Cui
1466 2700 1712 2742 contrarium
1733 2710 1795 2742 est

358 2764 470 2819 quod
491 2764 586 2806 alibi
606 2764 710 2806 dixit
731 2765 906 2821 Culpam
932 2779 1057 2821 poena
1077 2766 1233 2820 premit
1261 2779 1402 2807 comes.
1462 2766 1555 2807 Laii
1580 2775 1793 2822 peccatum

356 2839 473 2871 vocat
494 2832 643 2872 Noster
660 2833 887 2884 παρβασίαν
906 2833 1119 2873 ὠκύποινον
1140 2832 1279 2874 Theb.
1304 2842 1397 2886 740.
1428 2833 1659 2876 BLOMF.

411 2906 482 2951 59.
501 2895 679 2952 Ἐρινύν]
698 2896 881 2949 Ἐριννύν
902 2899 958 2940 Τ.
980 2899 1116 2940 Turn.
1138 2898 1286 2954 Steph.
