1962 3224
659 183 748 224 AD
781 180 1225 224 CHOEPHORAS.
1594 179 1682 222 437

207 293 279 336 Ἐκ
313 297 391 336 τῶν
425 292 615 350 πατρῴων
649 292 836 345 αἱμάτων.
880 295 1036 349 Agam.
1063 291 1184 343 1264.
1223 289 1398 342 αἱμάτων
1432 289 1679 342 εὐθνησίμων

206 360 516 415 Ἀπορρυέντων.
539 361 708 417 Musgr.
729 359 783 401 ad
804 359 957 416 Eurip.
982 358 1132 400 Phoen.
1154 369 1276 413 1540.
1312 357 1546 399 BLOMF.
1584 358 1679 411 αἷμά

207 428 239 471 τ’
260 431 398 471 Turn.
1119 439 1122 442 ’

265 496 466 539 ἐκποθένθ’
491 496 751 538 Schuetzius.
785 498 953 537 ἐκποθὲυ
975 496 1079 537 libri.

264 565 312 607 δι’
333 565 651 619 αἵματ’-φόνος
670 565 868 619 πέπηγεν]
895 566 1002 606 Haec
1023 580 1045 605 e
1066 563 1260 620 populari
1281 563 1462 620 quadam
1481 563 1678 620 supersti—

207 633 318 676 tione
346 633 614 691 intelligenda
644 644 757 684 sunt,
782 633 836 674 ad
867 643 1048 674 nostram
1079 632 1202 673 etiam
1233 641 1398 673 aetatem
1431 641 1676 688 propagata,

207 717 293 759 qua
331 701 534 744 maculam
576 718 626 743 ex
669 701 869 758 sanguine
909 701 1087 742 hominis
1126 700 1279 758 injuste
1314 700 1408 742 caesi
1443 701 1486 741 in
1524 710 1677 743 terram

206 770 354 821 effuso,
376 786 538 827 semper
557 785 736 819 manere,
759 785 834 811 nec
855 769 936 810 elui
960 785 1079 826 posse
1099 769 1324 825 fingebant.
1377 770 1531 825 Itaque
1552 771 1678 824 φόνος

204 837 248 880 h.
262 838 286 880 l.
310 854 390 880 non
411 849 472 880 est
492 839 638 888 coedes,
660 839 730 879 sed
752 853 886 879 cruor.
941 838 1016 878 Ea·
1037 838 1255 894 sanguine
1274 837 1605 893 Agamemnonis
1624 839 1677 880 ab

207 907 320 948 alma
340 908 486 949 tellure
504 907 653 948 hausto
673 907 916 963 congelatus
937 907 1142 947 remansit
1161 921 1287 947 eruor
1306 907 1503 947 ultionem
1523 922 1678 963 provo-

207 990 324 1025 cans,
345 976 460 1017 haud
488 976 672 1032 amplius
699 975 908 1031 dgffluem,
935 974 961 1016 i.
977 989 1011 1015 e.
1043 975 1159 1015 haud
1187 989 1446 1026 evanescens,
1473 977 1675 1032 quemad-

207 1043 379 1084 modum
409 1059 519 1100 aqua
545 1044 759 1099 congelata
790 1042 909 1084 solidi
939 1041 1122 1098 corporis
1150 1042 1325 1083 formam
1357 1042 1504 1084 induit.
1541 1045 1674 1086 SCH.

208 1113 363 1153 Noster
385 1112 524 1154 Theb.
547 1124 643 1168 731.
673 1111 791 1153 Ἐπεὶ
818 1110 849 1153 δ’
873 1111 922 1153 ἂν
943 1111 1186 1154 αὐτοκτόνως
1212 1110 1218 1167 Ι
1245 1111 1489 1153 αὐτοδάϊκτοι
1510 1112 1675 1165 θάνωσι,

231 1180 239 1238 Ι
267 1182 330 1223 καὶ
346 1182 490 1236 χθονία
512 1180 616 1225 κόνις
630 1182 698 1238 πίῃ
725 1181 732 1237 Ι
756 1182 1015 1234 μελαμπαγὲς
1035 1181 1130 1232 αἷμα
1150 1181 1322 1234 φοίνιον,
1352 1179 1357 1237 Ι
1383 1181 1441 1224 τίς
1460 1181 1510 1222 ἂν
1531 1185 1676 1235 καθαρ-

206 1250 303 1302 μοὺς
317 1253 432 1305 πόροι
449 1269 459 1298 ;
488 1250 494 1307 Ι
520 1252 577 1294 τίς
592 1251 642 1292 ἄν
659 1256 741 1304 σφε
760 1250 945 1291 λούσειεν
959 1268 969 1297 ;
1004 1248 1125 1290 Conf.
1146 1248 1339 1305 Sophocl.
1358 1249 1463 1291 OEd.
1482 1251 1537 1291 T.
1553 1252 1674 1306 1236.

207 1317 357 1374 Eurip.
380 1317 448 1361 El.
470 1331 568 1374 320.
599 1318 695 1370 αἷμα
724 1317 755 1358 δ’
779 1317 836 1359 ἔτι
857 1316 1004 1370 πατρὸς
1026 1318 1124 1358 κατὰ
1144 1316 1290 1371 στέγας
1310 1316 1458 1358 Μέλαν
1479 1317 1672 1370 σέσηπεν.

207 1386 441 1428 BLOMF.

267 1456 335 1509 67.
366 1455 487 1511 τίτας]
518 1454 686 1497 Vindeoe.
721 1453 898 1508 τιμωρός.
931 1453 1065 1495 Schol.
1099 1453 1223 1508 φόνος
1244 1453 1424 1508 πέπηγεν
1445 1455 1550 1496 ὥστε
1570 1455 1677 1507 τίτης

209 1523 323 1572 εἶναι,
346 1524 391 1565 οὐ
412 1524 630 1578 διαῤῥυδήν.
652 1523 808 1565 Heath.
833 1523 1020 1579 Hesych.
1043 1524 1185 1564 Τίταιε
1220 1524 1390 1576 εὔποροι.
1421 1521 1444 1574 ἢ
1468 1523 1677 1577 κατήγοροι

208 1596 286 1634 τῶν
306 1591 524 1647 ἀρχόντων.
545 1592 680 1648 glossa
701 1601 909 1648 corrupta.
942 1591 1175 1633 BLOMF.

265 1661 488 1716 διαρρυδᾶν]
512 1660 785 1702 Scribendum
806 1670 990 1701 correcto
1009 1671 1180 1701 accentu
1210 1662 1419 1714 διαρρύδαν
1442 1662 1544 1714 (non
1567 1663 1672 1714 διαρ-

207 1729 328 1783 ρυδάν
363 1729 476 1785 quod
513 1728 786 1770 Blomfieldus
820 1727 980 1784 posuit)
1017 1729 1309 1784 notandusque
1344 1728 1565 1770 Dorismus
1598 1745 1676 1785 pro

209 1799 429 1851 διαρρύδην,
451 1794 527 1839 nisi
549 1809 621 1839 aut
643 1798 720 1838 hoc
740 1796 876 1853 ipsum
899 1807 971 1837 aut
991 1796 1198 1849 διαρρυδόυ
1218 1796 1536 1839 restituendum.
1592 1799 1676 1838 Pro

208 1866 406 1907 adverbio
426 1876 536 1907 recte
565 1865 723 1922 accepit
753 1864 981 1915 scholiasta,
1005 1866 1092 1906 ἀντὶ
1122 1870 1191 1906 τοῦ
1222 1867 1267 1907 οὐ
1297 1865 1499 1919 διαρρέων.
1562 1868 1673 1908 Nam

209 1934 266 1975 sic
281 1934 538 1990 grammatici
558 1932 798 1990 hujusmodi
820 1932 1016 1973 adverbia
1031 1933 1235 1990 explicare
1253 1934 1403 1975 solent:
1432 1950 1470 1975 v.
1489 1934 1674 1976 Lobeck.

209 2000 391 2057 Paralip.
414 2016 457 2057 p.
478 2003 568 2056 156.

268 2069 337 2110 68.
359 2069 522 2122 διαλγὴς
541 2068 630 2123 ἄτη]
654 2067 924 2108 Scribendum
949 2068 1114 2120 διαλγὴς
1134 2067 1164 2109 δ’
1188 2069 1262 2110 ἄτα
1282 2085 1376 2110 cum
1402 2071 1660 2112 Hermanno,

268 2136 465 2191 διαφέρει]
509 2135 802 2189 διασπαράσσει
838 2135 1016 2188 διαφέρει
1051 2137 1115 2176 M.
1152 2136 1398 2191 glossemate
1434 2138 1474 2178 in
1511 2148 1675 2181 textum

208 2203 334 2246 illato.
384 2203 677 2257 διασπαράσσει
712 2202 813 2243 Ald.
854 2204 992 2243 Turn.
1029 2203 1189 2244 omissis
1224 2205 1358 2246 verbis
1394 2204 1574 2259 διαφέρει
1608 2207 1679 2248 τὸν

210 2274 348 2314 αἴτιον.
408 2273 541 2312 Recta
562 2271 767 2327 scriptura
788 2281 848 2311 est
869 2270 909 2310 in
935 2272 1043 2312 Rob.
1068 2272 1212 2328 steph.

268 2342 335 2396 69.
356 2339 616 2395 παναρκέτας]
643 2339 787 2380 Lectio
809 2339 951 2380 vitiosa
974 2355 1047 2381 nec
1070 2356 1211 2382 versus
1232 2341 1403 2398 integer.
1425 2346 1677 2388 παναλκετᾶς

210 2409 316 2451 Ald.
341 2410 480 2450 Turn.
516 2408 757 2458 Scholiasta,
779 2411 846 2459 τῆς
868 2411 921 2451 εἰς
939 2408 1069 2450 πάντα
1084 2409 1154 2450 τὸν
1174 2409 1321 2464 χρόνον
1343 2412 1536 2463 ἀρκούσης
1557 2414 1675 2469 αὐτῷ.

212 2479 316 2519 Post
345 2476 466 2518 νόσου
495 2477 537 2517 in
567 2477 683 2518 libris
715 2476 911 2533 leguntur
942 2478 1067 2518 verba
1097 2480 1249 2531 βρύειν.
1278 2478 1283 2534 Ι
1310 2480 1400 2523 τοὺς
1428 2479 1458 2520 δ’
1486 2482 1678 2534 ἄκραντος

213 2546 298 2600 ἔχει
328 2546 396 2596 νύξ
426 2561 476 2586 ex
503 2561 544 2585 v.
569 2547 637 2597 64.
660 2547 728 2600 65.
749 2546 936 2601 repetita.
967 2547 1106 2598 βρύειν
1132 2546 1250 2602 ejecit
1272 2548 1558 2599 Hermannus,
1581 2549 1675 2590 reli-

211 2628 297 2670 qua
316 2612 468 2653 delevit
490 2612 712 2653 Heathius.
755 2614 841 2653 Pro
861 2613 1087 2669 epliyninio
1108 2613 1253 2654 habuit
1274 2615 1584 2670 grammaticus,
1602 2632 1675 2657 cu-

205 2681 278 2738 jus
297 2679 508 2722 annotatio
528 2680 569 2720 in
592 2680 776 2736 margine
799 2682 864 2721 M.
886 2692 960 2731 est,
983 2685 1095 2722 τοῦτο
1117 2683 1251 2735 ὥσπερ
1274 2682 1517 2737 ἐπᾳδόμενόν
1538 2685 1661 2726 ἐστιν.

269 2761 338 2803 71.
360 2747 526 2803 οἵγοντι]
549 2746 700 2800 θιγόντι
722 2747 904 2804 Scaliger
924 2759 965 2789 et
987 2749 1235 2803 Stephanus.
1297 2751 1421 2791 Notae
1449 2752 1678 2796 locutiones

213 2818 325 2869 εὐνῆς
359 2820 485 2870 θιγεῖν
519 2815 584 2857 vel
616 2816 826 2869 ἅψασθαιε
874 2816 969 2857 vide
1001 2816 1199 2858 Gataker.
1231 2818 1282 2859 ad
1318 2819 1384 2860 M.
1417 2820 1524 2861 Ant.
1549 2836 1585 2871 1,
1608 2833 1674 2876 17.

213 2884 365 2927 Monk.
389 2884 442 2925 ad
465 2882 639 2940 Hippol.
660 2898 725 2937 14.
786 2884 956 2925 Fortius
987 2893 1123 2925 tamen
1155 2886 1366 2927 nonnullis
1395 2887 1588 2931 videatur
1618 2894 1674 2934 οἵ-

215 2970 350 3007 γοντι;
382 2952 496 3009 quod
518 2952 551 2994 si
566 2952 757 3004 retineas,
774 2952 1026 2995 constructio
1041 2952 1131 3004 erit,
1150 2954 1219 2996 οὐκ
1236 2955 1346 2997 ἔστιν
1361 2955 1455 3000 ἄκος
1475 2965 1677 3012 νυμφικῶν
