1962 3224
377 175 463 219 566
850 179 1345 222 ANNOTATIONES

379 298 499 330 mate.
560 289 680 330 Conf.
711 305 750 331 v.
778 291 876 343 478.
906 291 1014 346 χώρᾳ
1040 295 1220 342 μεταῦθις
1250 293 1307 335 ἰὸς
1336 293 1379 333 ἐκ
1417 293 1674 345 φρονημάτων
1706 294 1817 338 πέδοι

377 356 511 397 πεσὼν
530 356 699 409 ἄφερτος
719 357 855 408 αἰανὴς
875 358 1004 400 νόσος.

433 423 623 474 ἀντιπαθῆ
654 424 772 465 lectio
802 424 855 465 ab
891 424 1098 480 Stephano
1131 433 1352 465 memorata
1385 435 1425 466 et
1453 435 1615 481 reperta
1647 426 1687 466 in
1716 429 1811 468 Par.

379 493 669 534 Revocandum
697 494 905 544 ἀντιπενθῆ
934 509 984 534 ex
1007 495 1072 534 M.
1096 494 1237 535 Guelf.
1258 494 1359 536 Ald.
1381 495 1491 536 Rob.
1511 497 1647 536 Turn.
1671 496 1812 552 Steph.

379 560 617 610 Scholiasta,
640 563 838 610 ἷσοπενθῆ,
862 561 975 611 ὅμοια
995 563 1143 613 δρῶντα
1162 561 1219 603 οἷς
1237 560 1427 602 πέπονθα.

435 627 528 682 783.
548 631 712 678 μεθεῖσα
731 641 806 682 pro
823 627 979 679 μεθήσω
999 626 1145 682 accipit
1161 626 1395 668 scholiasta:
1428 628 1540 683 quod
1555 628 1641 669 fieri
1657 629 1813 684 nequit.

377 693 487 734 Mihi
517 694 686 735 verbum
716 692 898 748 aliquod,
919 693 1040 749 quale
1065 697 1180 744 βαλῶ
1209 703 1284 742 est,
1303 703 1397 734 ante
1425 698 1590 746 μεθεῖσα
1618 696 1813 738 excidisse

377 759 553 800 videtur.

435 825 530 878 784.
560 825 674 878 χθονὶ
703 825 854 877 ἄφορον
887 825 1023 865 Turn.
1067 826 1210 878 χθόνια
1243 827 1368 878 φόρον
1401 825 1502 866 Ald.
1547 830 1813 881 χθονιαφόρον

378 892 489 932 Rob.
512 891 625 946 quod
646 890 744 946 legit
765 890 989 941 scholiasta,
1011 891 1082 946 qui
1103 891 1279 947 explicat
1298 892 1367 933 τὸν
1388 894 1441 935 εἰς
1465 893 1536 943 τὴν
1554 896 1628 946 γῆν
1647 896 1812 947 φερόμε-

377 975 459 999 νον.
518 959 614 1013 Ego
642 959 757 1011 χθονὶ
785 957 849 999 vel
873 957 1091 999 delendum
1109 958 1173 999 vel
1191 958 1327 999 versui
1347 959 1441 1012 781.
1475 975 1551 1015 pro
1570 962 1622 1014 γᾷ
1651 961 1812 1002 restitu-

375 1025 528 1066 endum
569 1024 759 1066 arbitror.
819 1026 912 1075 Quo
950 1034 1107 1066 remoto
1141 1025 1353 1066 dochmius
1392 1025 1530 1082 prodit
1569 1028 1731 1081 ἄφορον’
1767 1030 1811 1070 ἐκ

377 1094 419 1133 δὲ
438 1095 517 1133 τοῦ.

433 1160 529 1214 785.
549 1159 684 1213 λιχὴν]
711 1158 978 1200 Scribendum
1000 1158 1152 1212 λειχήν.
1193 1160 1242 1200 V.
1264 1158 1318 1200 ad
1340 1159 1524 1215 Choeph.
1548 1161 1642 1203 282.

430 1227 564 1281 λιχῆν]
592 1226 852 1282 Significatur
865 1227 1114 1282 pestg‘fhrum
1134 1227 1253 1268 virus
1273 1240 1324 1267 ex·
1340 1227 1587 1282 sanguineis
1606 1229 1809 1269 Eumeni-

375 1295 473 1334 dum
494 1294 617 1335 stillis
634 1299 929 1349 propagatum.

432 1362 611 1413 ἄφυλλος
631 1359 803 1414 ἄτεκνος]
826 1359 862 1399 I.
884 1376 917 1401 e.
921 1360 1138 1415 frugibus
1158 1365 1280 1400 terrae
1299 1364 1336 1399 et
1354 1359 1546 1400 humanae
1563 1360 1686 1400 soboli
1706 1374 1809 1416 per-

375 1429 584 1473 m'cz‘osus;
624 1437 668 1467 ut
708 1426 929 1482 Sophocles
969 1427 1018 1468 de
1052 1435 1164 1482 peste
1202 1425 1243 1465 in
1280 1425 1449 1466 Thebas
1487 1425 1675 1468 saeviente
1706 1427 1808 1468 OEd.

377 1496 482 1550 Tyr.
506 1506 571 1548 25.

543 1572 740 1624 φθίνουσα
758 1572 831 1622 μὲν
852 1570 1010 1620 κάλυξιν
1030 1570 1235 1623 ε’γκᾶρποις
1253 1570 1410 1623 χθονὸς,

545 1639 740 1690 φθίνουσα
760 1636 790 1677 δ’
812 1635 974 1689 ἀγέλαις
991 1637 1212 1687 βουνόμοις,
1234 1637 1386 1677 τόκοισί
1401 1653 1444 1678 τε
1486 1670 1490 1674 .

545 1706 702 1758 ἀγόνοις
720 1708 925 1757 γυναικῶν.

374 1784 434 1824 Et
455 1782 597 1839 Virgil.
619 1783 720 1823 AEn.
744 1795 786 1837 3,
811 1791 905 1837 137.

880 1869 1013 1910 subito
1031 1883 1123 1909 cum
1143 1869 1284 1909 tabida
1303 1870 1490 1910 membris

545 1938 753 1993 Corrupto
771 1937 864 1977 coeli
883 1942 1032 1984 tractu,
1052 1936 1366 1992 ‘miserandaque
1386 1938 1498 1978 venit

542 2005 849 2060 Arboribusque
866 2004 1047 2059 satisque
1066 2003 1154 2044 lues
1173 2009 1212 2044 et
1230 2004 1367 2059 letg'fhr
1385 2018 1537 2045 annus.

374 2093 616 2135 WAKEF.
669 2092 821 2132 Versus
840 2105 922 2131 non
942 2091 1113 2147 integer.

430 2161 525 2213 786.
561 2160 792 2210 ἐπισύμενος
830 2159 894 2198 Μ.
945 2158 1182 2209 ἐπεσύμενος
1215 2157 1323 2198 Rob.
1374 2159 1640 2212 ἐπεσσυμένος
1672 2161 1807 2202 Turn.

374 2227 518 2283 Steph.
551 2225 772 2275 ἐπέσσυμος
792 2223 893 2265 Ald.

428 2294 523 2347 788.
545 2295 667 2343 βαλεῖ
685 2292 818 2330 Turn.
849 2293 994 2341 βαλεῖν
1013 2288 1104 2329 libri
1126 2288 1284 2344 reliqui.

429 2361 522 2414 789.
545 2356 734 2411 στενάζω]
757 2356 931 2407 στενάξω
954 2357 1019 2396 Μ.
1041 2357 1136 2396 Par.

426 2426 597 2480 γένωμαι
611 2425 639 2479 ;]
671 2425 767 2464 Hoc
787 2423 860 2464 etsi
880 2424 937 2463 ita
956 2423 1119 2463 defendi
1141 2432 1274 2478 potest
1295 2432 1341 2463 ut
1363 2424 1602 2479 pronomine
1621 2441 1672 2466 ex
1690 2437 1804 2467 ante—

369 2492 606 2536 cedentibus
626 2491 797 2546 repetito
816 2505 892 2546 pro
911 2491 951 2531 τί
966 2490 1137 2543 γένωμαι
1155 2490 1388 2546 accipiatur,
1411 2491 1656 2545 probabilior
1671 2502 1806 2534 tamen

371 2559 595 2617 Tyrwhitti
615 2557 844 2599 emendatio
863 2564 923 2597 est
943 2561 1130 2609 γελῶμαι.
1182 2557 1332 2597 Versus
1351 2567 1411 2598 est
1431 2557 1681 2599 bacchiacus.

427 2640 522 2682 791.
541 2625 757 2679 μεγάλατοι
777 2623 879 2665 Ald.
930 2625 1061 2664 Recte
1079 2623 1120 2664 in
1140 2623 1228 2664 aliis
1249 2623 1406 2664 divisim
1428 2624 1583 2677 μεγάλα
1602 2642 1675 2666 τοι.

427 2705 524 2748 794.
542 2693 723 2746 πίθεσθε]
748 2691 933 2732 πείθεσθε
954 2688 1048 2730 Ald.
1070 2689 1179 2730 Rob.
1215 2690 1419 2731 πείθεσθαι
1439 2690 1580 2731 Guelf-

428 2761 666 2815 795—823.
686 2773 766 2799 om.
791 2759 846 2798 T.

425 2829 520 2883 796.
541 2825 685 2880 ἀτιμίᾳ]
707 2826 857 2877 ἀτιμίας
877 2824 978 2866 Ald.
1000 2825 1133 2864 Turn.

423 2895 518 2949 798.
538 2892 689 2946 χρήσας
711 2893 845 2933 Turn.
877 2891 998 2943 θήσας
1016 2890 1108 2932 libri
1128 2889 1292 2946 reliqui.
