1962 3224
382 170 467 211 330
856 162 1346 207 ANNOTATIONES

384 279 513 318 Taur.
541 288 609 331 52.
637 291 709 317 nec
738 290 819 316 non
848 275 1019 316 Lucian.
1047 273 1099 314 de
1124 272 1237 313 luctu
1265 285 1307 327 p.
1331 282 1430 325 431.
1458 270 1555 322 πρὸς
1584 269 1608 310 ἃ
1632 270 1653 310 ὅ
1682 267 1813 321 νεκρὸς

383 344 495 386 αὐτὸς
515 341 748 395 ἀποκρίναιτ’
770 341 818 382 ἂν
838 343 872 382 εῑ
891 341 1012 392 λάβοι
1032 339 1179 392 φωνήν.
1211 337 1517 378 ABRESCH.

436 410 504 464 38.
534 408 715 463 λήθομαι]
740 408 975 449 obliviscor.
1035 407 1285 461 Interpretes
1313 403 1367 444 ad
1393 416 1522 443 unum
1542 410 1709 442 vertunt
1726 414 1809 441 non

380 475 702 531 intelligentibus
724 475 841 514 lateo.
902 471 980 513 Sed
1005 471 1045 512 in
1066 470 1199 512 media
1218 484 1316 510 voce
1337 468 1438 509 nihil
1457 467 1567 509 aliud
1587 467 1812 524 significare

380 551 512 596 potest
548 555 670 596 quam
710 542 951 586 obliviscor;
994 547 1041 579 ut
1073 536 1183 593 apud
1219 537 1464 584 Homerum,
1500 534 1550 575 σὺ
1583 535 1624 574 δὲ
1657 532 1809 584 λήθεαι.

381 609 516 657 Quare
536 607 791 655 vertendum,
813 607 866 646 iis
886 606 957 661 qui
976 605 1060 645 haec
1084 604 1253 659 cognita
1279 602 1439 650 habent,
1463 601 1604 641 lubens
1629 600 1811 655 equidem

380 674 536 729 loquor,
557 674 851 730 ignorantibus
871 687 981 721 vero,
1002 685 1141 712 eorum
1166 683 1257 726 quoe
1280 667 1368 709 vidi
1397 668 1625 717 obliviscor,
1643 665 1671 706 i.
1692 680 1726 706 e.
1747 679 1812 705 me

378 738 550 779 oblitum
580 754 664 779 esse
693 739 830 794 fingo;
864 738 975 793 quod
1004 736 1146 778 eodem
1175 735 1317 777 recidit
1346 749 1392 775 ac
1423 732 1662 774 Plautinum
1690 730 1810 780 illud,

377 806 462 846 Nae
485 811 530 846 tu
554 805 698 855 hercle,
718 806 755 846 ei
785 810 822 846 te
840 805 919 847 Dii
947 810 1104 853 amant,
1124 804 1317 859 linguam
1345 802 1585 857 comprimes
1604 798 1781 840 Posthac
1795 814 1809 838 :

376 871 499 910 etiam
527 870 633 910 illud
659 870 767 925 qnod
793 871 909 920 scies,
940 871 1160 910 nesciveris
1173 885 1186 909 .·
1222 869 1291 909 Ne
1318 868 1474 910 videris
1506 867 1613 923 quod
1640 866 1809 908 videris.

377 936 499 976 Hanc
517 935 888 991 interpretationem
905 936 1039 976 firmat
1060 934 1264 976 Herodoti
1283 934 1396 975 locus
1415 947 1457 985 4,
1473 946 1543 988 43.
1562 936 1630 974 τοῦ
1652 930 1809 973 ἐπιστάὲ-

374 1017 490 1051 μενος
508 1000 551 1041 τὸ
571 1002 728 1052 οὕνομα,
752 1002 849 1042 ἑκὼν
871 1001 1113 1053 ἐπιλήθομαι.
1135 1001 1286 1056 Eurip.
1308 1000 1442 1056 Hipp.
1463 1002 1559 1051 467.
1583 1002 1627 1041 ἐν
1645 1004 1810 1053 σοφοῖσι

374 1070 450 1121 γὰρ
469 1067 562 1109 Τάδ’
585 1068 669 1108 ἐστὶ
689 1071 849 1119 θνητῶν,
872 1068 1084 1109 λανθάνειν
1102 1070 1151 1109 τὰ
1168 1068 1220 1119 μὴ
1240 1067 1353 1108 καλά.
1385 1067 1614 1107 BLOMF.

430 1146 500 1185 40.
522 1133 698 1174 Locutio
721 1133 799 1174 ista
824 1134 986 1175 δέκατον
1004 1136 1077 1186 μὲν
1098 1135 1182 1178 ἔτος
1210 1136 1297 1175 τόδε
1325 1133 1478 1174 indicat
1508 1147 1652 1173 novem
1683 1147 1810 1173 annos

375 1199 499 1240 fuisse
532 1200 752 1249 absolutos,
788 1200 990 1240 decimum
1023 1207 1124 1241 tunc
1155 1200 1235 1255 agi,
1267 1199 1379 1255 quod
1412 1198 1601 1255 pluribus
1630 1199 1809 1240 ostendit

378 1266 594 1307 Stanleius.
654 1266 785 1322 Troja
813 1266 961 1307 scilicet
991 1275 1108 1322 capta
1138 1275 1198 1306 est
1225 1265 1382 1306 decimo
1400 1280 1507 1306 anno
1524 1265 1704 1314 ineunte,
1725 1279 1807 1305 non

375 1331 575 1373 absoluto.
599 1332 772 1372 Homer.
794 1332 876 1373 Od.
898 1336 943 1382 E,
964 1345 1052 1386 105.
1084 1333 1337 1384 ὀϊζυρῶτατον
1363 1331 1498 1372 ἄλλων
1523 1334 1613 1372 Τῶν
1641 1332 1806 1383 ἀνδρῶν,

376 1397 413 1438 οἳ
440 1397 562 1438 Ράστυ
585 1397 673 1450 πέρι
693 1398 884 1450 Πριάμοιο
912 1398 1086 1451 μάχοντο
1109 1397 1303 1446 Εῖνάετες,
1324 1396 1469 1451 δεκάτῳ
1499 1398 1542 1437 δὲ
1570 1398 1688 1437 πόλιν
1715 1395 1807 1448 πέρ-

376 1480 517 1506 σαντες
547 1464 699 1516 ἔβησαν
736 1464 889 1505 Ροῖκαδ’.
926 1464 1154 1506 BLOMF.
1215 1465 1263 1504 V.
1296 1462 1477 1504 Boeokh.
1506 1462 1546 1503 in
1586 1471 1723 1504 annot.
1754 1463 1807 1504 ad

377 1530 577 1571 Marmor.
600 1529 768 1570 Parium
788 1530 828 1570 in
847 1531 971 1586 Corp.
994 1531 1125 1571 Insor.
1144 1529 1224 1571 vol.
1248 1542 1285 1572 2.
1309 1544 1349 1585 p.
1370 1542 1467 1584 327.
1487 1529 1583 1583 328.

433 1596 534 1650 ἐπεὶ]
558 1597 633 1636 Eoe
661 1610 751 1651 quo.
783 1595 851 1648 ἀφ’
873 1596 931 1636 οὗ.
957 1596 1142 1651 Hesych.
1203 1596 1331 1636 Plena
1358 1594 1511 1636 locutio
1531 1594 1694 1636 videtur
1722 1609 1807 1636 esse

376 1662 417 1712 ἐξ
437 1663 584 1703 ἐκείνου
603 1666 671 1703 τοῦ
689 1664 845 1715 χρόνου,
868 1663 964 1703 ἐπεί.
988 1661 1191 1702 Herodot.
1215 1672 1255 1715 7,
1277 1663 1346 1716 69.
1367 1661 1428 1702 καὶ
1448 1661 1638 1714 Περσέων
1658 1661 1807 1714 φρουρὴ

376 1730 420 1768 ἐν
440 1729 539 1784 αὐτῷ
571 1728 801 1779 κατεστήκεε
829 1729 903 1769 ὑπὸ
927 1730 1107 1781 Δαρείου,
1134 1731 1174 1779 ἐξ
1199 1729 1346 1770 ἐκείνου
1374 1731 1442 1768 τοῦ
1470 1730 1628 1781 χρόνον,
1650 1728 1738 1769 ἐπεί
1763 1744 1806 1769 τε

375 1795 438 1835 ἐπὶ
470 1796 618 1837 Σκύθας
653 1795 914 1847 ἐστρατεύετο.
953 1794 1043 1835 Vid.
1077 1795 1184 1835 infra
1217 1805 1311 1849 955.
1372 1793 1557 1850 Choeph.
1589 1804 1686 1848 507.
1723 1795 1808 1837 ἐπεὶ

373 1862 506 1912 μολὼν
525 1861 732 1912 Ματρόθεν
753 1860 953 1912 κελάδησε.
975 1875 1026 1901 ex
1044 1876 1136 1917 quo,
1159 1863 1307 1902 matris
1335 1867 1451 1902 utero
1479 1862 1632 1910 relicto,
1654 1864 1806 1918 vagiit.

374 1925 543 1966 Pindar.
566 1926 631 1967 Ol.
649 1939 684 1973 1,
706 1939 774 1980 39.
793 1930 860 1966 τοῦ
888 1927 1132 1980 μεγασθενὴς
1161 1927 1356 1979 ἐράσσατο
1385 1927 1574 1981 γαιάοχος
1593 1932 1804 1977 Ποσειδᾶν,

375 1991 464 2031 ἐπεί
489 2007 550 2031 νιν
578 1994 743 2043 καθαροῦ
769 1991 938 2043 λέβητος
965 1992 1100 2043 ἔξελεν
1123 1995 1285 2034 Κλωθώ.
1318 1993 1443 2049 Soph.
1466 1993 1585 2049 Ajac.
1604 2007 1702 2048 490.
1733 2011 1810 2036 τοι·

373 2059 531 2108 γαροῦν,
553 2057 637 2097 ἐπεὶ
655 2057 713 2097 Τὸ
736 2057 810 2098 σὸν
828 2057 948 2110 λέχος
967 2061 1157 2109 ξυνῆλθον
1178 2060 1219 2100 εὗ
1239 2064 1371 2112 φρονῶ
1390 2061 1438 2100 τὰ
1458 2059 1524 2101 σά.
1557 2061 1788 2101 BLOMF.

429 2135 497 2176 43.
529 2124 700 2175 δίθρονος
731 2124 792 2163 καὶ
821 2124 1051 2176 δίσκηπτρος
1070 2124 1170 2176 τιμή,
1192 2124 1342 2166 dicitur
1367 2125 1418 2165 de
1438 2125 1600 2166 Atridis
1630 2141 1807 2181 quorum

374 2198 548 2243 uterque
587 2203 659 2228 rex
699 2197 798 2228 erat.
858 2189 922 2228 Ut
952 2188 1060 2229 infra
1090 2202 1183 2244 109.
1219 2191 1397 2242 δίθρονον
1429 2191 1576 2243 κράτος.
1621 2194 1808 2244 δικρατεῖς

373 2254 567 2306 Ἀτρεῖδαι
589 2253 780 2309 Sophocl.
801 2253 876 2309 Aj.
901 2265 996 2308 252.
1017 2255 1232 2307 βασιληίδα
1259 2255 1373 2305 τιμάν
1399 2271 1473 2311 pro
1500 2258 1673 2312 imperio
1701 2258 1809 2300 dixit

375 2320 597 2375 Euripides
627 2318 798 2376 Hippol.
818 2321 937 2373 1276.
967 2335 1018 2360 ex
1043 2321 1217 2362 Homer.
1245 2321 1351 2362 Iliad
1375 2326 1420 2370 Z,
1437 2335 1527 2376 193.
1552 2322 1747 2379 Thucyd.
1770 2338 1807 2374 1,

379 2399 470 2441 132.
492 2387 613 2439 ἄνδρα
631 2387 770 2439 γένοὺς
785 2403 827 2427 τε
845 2389 914 2427 τοῦ
931 2387 1141 2437 βασιλείου
1161 2388 1256 2428 ὄντα
1277 2387 1338 2428 καὶ
1365 2389 1408 2428 ἐν
1429 2391 1478 2443 τῷ
1507 2389 1669 2441 παρόντι
1697 2390 1809 2442 τιμὴν

376 2453 531 2506 ἔχοντα.
565 2454 844 2506 Πλείσταρχον
872 2454 948 2505 γὰρ
970 2452 1039 2493 τὸν
1058 2454 1265 2501 Λεωνίδου,
1293 2455 1388 2494 ὄντα
1410 2454 1598 2506 βασιλέα,
1632 2456 1692 2497 καὶ
1717 2457 1809 2498 νέον

377 2519 446 2569 ἔτι,
468 2519 631 2572 ἀνεψιὸς
651 2518 717 2565 ὢν,
740 2520 1009 2570 ἐπετρόπευεν.
1041 2520 1233 2560 Ceterum
1254 2520 1396 2560 eodem
1416 2521 1501 2562 fere
1520 2522 1643 2563 modo
1663 2525 1808 2565 Διόθεν

376 2584 647 2641 interponitur
668 2585 853 2641 Choeph.
875 2597 970 2639 304.
990 2584 1104 2626 Ἀλλ’
1126 2584 1156 2626 ὦ
1175 2585 1345 2639 μεγάλαι
1365 2589 1523 2640 Μοῖραι,
1542 2590 1686 2630 Διόθεν
1704 2592 1808 2644 Τῇὸε

376 2655 572 2702 τελευτᾶν,
586 2650 661 2692 “He.
681 2651 724 2692 τὸ
745 2653 891 2692 δίκαιον
909 2653 1150 2703 μεταβαίνει.
1182 2653 1411 2694 BLOMF.

432 2729 500 2768 44.
521 2717 735 2772 Ἀτρειδᾶν]
759 2717 1028 2759 Scribendum
1047 2717 1252 2771 Ἀτρειδῶν
1270 2734 1321 2760 ex
1341 2719 1441 2761 Ald.
1464 2721 1600 2763 Turn.

430 2796 503 2836 45.
531 2784 799 2837 χιλιοναύταν]
825 2784 947 2825 Mille
965 2785 1142 2826 navibus
1165 2791 1331 2826 vectum.
1391 2785 1538 2826 Paullo
1555 2785 1699 2826 durius
1718 2786 1803 2827 dio-
