1962 3224
369 164 454 208 592
839 169 1335 210 ANNOTATIONES

427 282 522 328 254.
543 273 646 319 αἶαν,
666 274 726 329 ἧς]
749 277 881 327 αἵδνης
901 277 964 318 Μ.
988 277 1082 317 Par.
1105 276 1246 317 Guelf.
1267 275 1367 317 Ald.
1389 276 1499 317 Rob.

423 339 475 380 δί’
490 338 643 393 Ἀλγος
663 341 796 381 Turn.
821 341 962 398 Steph.
1005 341 1050 383 δι’
1070 343 1193 395 ἄλγος
1221 344 1318 383 Par.
1341 342 1479 383 Guelf.
1503 341 1602 382 Ald.
1646 341 1805 395 διάλγος

367 406 435 446 M.
456 406 567 446 Rob.
613 407 856 462 Suspectum
880 422 1025 448 nomen
1046 407 1159 448 fluvii
1181 407 1345 448 aliunde
1363 422 1445 448 non
1464 407 1628 463 cogniti.

427 481 519 526 255.
551 473 736 524 Στρυμών
756 474 816 527 τε]
842 473 1064 528 Perspicue
1083 473 1160 514 hoc
1180 483 1221 514 et
1242 473 1374 514 tribus
1392 474 1576 514 versibus
1596 474 1803 528 sequenti·

366 537 445 578 bus
475 547 599 579 totam
622 539 908 579 Macedoniam
939 550 980 580 et
1001 539 1246 579 Thessaliam
1275 539 1479 589 describit,
1501 539 1620 595 cujus
1648 540 1805 595 imperii

367 603 460 644 finis
484 606 535 645 ab
558 619 639 644 una
657 615 773 659 parte
791 616 851 645 est
873 604 1024 644 fluvius
1055 606 1263 660 Strymon,
1284 605 1337 646 ab
1358 605 1483 647 altera
1507 606 1666 646 Pindus
1690 621 1806 647 mons

368 679 459 721 etc.,
480 686 505 711 a
524 670 689 726 reliquis
709 671 871 712 duabus
891 685 1015 711 mare.
1066 670 1228 711 Deinde
1247 671 1377 721 addit,

763 741 884 778 τῶνδε
902 738 993 778 τᾶπὶ
1012 737 1104 778 τάδε
1120 741 1258 789 κρατῶ,

367 819 463 859 quae
482 804 607 844 verba
624 803 666 844 in
687 803 836 844 mendo
854 803 1020 844 cubant.
1070 802 1316 858 Legendum

763 873 885 910 τῶνδε
905 869 996 910 κᾶπὶ
1015 869 1106 909 τάδε
1127 873 1261 921 κρατῶ.

372 936 425 978 Id
444 945 519 987 est,
540 946 689 992 praeter
711 937 798 991 jam
819 946 1056 985 memorata,
1081 935 1208 991 hujus
1237 935 1355 976 etiam
1387 935 1561 990 regionis
1589 935 1804 992 imperium

370 1003 548 1044 obtineo.
598 1003 910 1058 Amplissimum
945 1011 1052 1043 certe
1090 1002 1214 1042 fuisse
1251 1002 1515 1056 Pelasgorum
1549 1018 1721 1058 regnum
1755 1018 1806 1043 ex

373 1070 572 1111 Strabone
590 1079 631 1124 5.
652 1084 692 1125 p.
717 1082 813 1112 220.
834 1068 1091 1109 manifestum
1114 1078 1199 1109 est:
1232 1069 1320 1111 τοὺς
1339 1070 1382 1109 δὲ
1402 1070 1638 1121 Πελασγοὺς
1657 1070 1715 1109 ὅτι
1733 1070 1808 1120 μὲν

371 1138 537 1190 ἀρχαῖόν
565 1153 601 1177 τι
630 1140 761 1188 φῦλον
791 1137 888 1176 κατὰ
917 1135 987 1186 τὴν
1014 1134 1193 1176 Ἑλλάδα
1222 1138 1356 1176 πᾶσαν
1386 1136 1622 1184 ἐπεπόλασε,
1650 1135 1712 1175 καὶ
1736 1134 1810 1186 μά-

370 1205 490 1244 λιστὰ
518 1204 622 1255 παρὰ
640 1204 827 1243 Αἰολεῦσι
856 1205 935 1245 τοῖς
965 1204 1061 1242 κατὰ
1082 1203 1332 1252 Θεσσαλίαν,
1354 1203 1616 1254 ὁμολογοῦσιν
1639 1200 1810 1244 ἅπαντες

372 1271 519 1323 σχεδόν
548 1286 594 1310 τι.
654 1269 714 1309 Et
743 1268 945 1309 Herodot.
971 1281 1007 1318 1,
1034 1282 1068 1308 1.
1099 1268 1142 1308 τὸ
1171 1270 1213 1309 δὲ
1227 1267 1374 1321 Ἀργος
1402 1271 1538 1308 τοῦτον
1566 1267 1636 1308 τὸν
1664 1269 1809 1321 χρόνον

372 1340 557 1390 προεῖχεν
580 1333 706 1376 ἅπασι
734 1338 811 1376 τῶν
841 1336 885 1376 ἐν
914 1338 959 1390 τῇ
990 1338 1059 1376 νῦν
1077 1333 1245 1375 Ἑλλάδι
1275 1334 1488 1386 καλεομένῃ
1517 1334 1638 1389 χώρῃ.
1698 1332 1809 1383 Quin

373 1412 421 1443 ut
440 1402 585 1443 melius
605 1401 808 1442 Herodoti
830 1411 1006 1443 mentem
1028 1401 1250 1457 capiamus,
1270 1399 1579 1455 intelligendum
1600 1408 1674 1450 est,
1695 1399 1807 1455 quod

370 1468 521 1511 Ἑλλὰς
550 1468 646 1509 olim
676 1477 834 1509 tantum
866 1467 1066 1509 civitatem
1099 1467 1323 1508 Thessaliae
1352 1466 1618 1522 significabat,
1640 1467 1716 1508 ἀπὸ
1741 1469 1812 1507 τοῦ

365 1534 568 1586 Ἕλληνος
598 1534 860 1575 Deucalionis
887 1534 971 1575 filii.
1025 1535 1157 1590 Cujus
1187 1535 1244 1575 rei
1274 1543 1394 1575 testes
1424 1543 1518 1575 sunt
1541 1532 1811 1589 Thucydides

378 1615 415 1652 1,
435 1614 475 1656 3.
509 1601 742 1657 Stephanus
770 1602 858 1653 περὶ
886 1600 1056 1650 πολέων,
1089 1610 1130 1642 et
1160 1600 1405 1641 Eustathius
1435 1615 1475 1656 p.
1495 1613 1594 1654 321,
1616 1601 1654 1640 6.
1687 1609 1808 1652 1077.

376 1681 445 1718 21,
466 1667 539 1723 qui
568 1667 723 1723 ubique
752 1667 863 1723 apud
891 1668 1120 1708 Homerum
1151 1666 1330 1707 Ἑλλάδα
1359 1668 1421 1708 καὶ
1444 1665 1647 1718 Ἕλληνας
1677 1666 1810 1706 Thes-

377 1734 485 1776 saliae
506 1743 664 1776 tantum
686 1733 887 1775 civitatem
909 1742 950 1774 et
971 1733 1190 1774 Thessalos
1207 1733 1355 1775 reddit.
1407 1734 1513 1774 Mox
1533 1747 1630 1774 vero
1649 1747 1810 1773 ornnem

375 1801 491 1842 illum
523 1811 641 1842 terrae
675 1810 848 1842 tractum
879 1800 951 1855 qui
982 1809 1042 1840 est
1073 1814 1098 1839 a
1131 1799 1258 1840 Sunio
1289 1799 1567 1855 promontorio
1602 1814 1730 1854 usque
1758 1800 1812 1840 ad

378 1867 651 1910 Acarnaniam
673 1876 714 1908 et
734 1867 991 1908 Athamanas
1010 1881 1062 1907 ex
1086 1866 1307 1916 occidente,
1326 1875 1367 1907 et
1383 1866 1638 1907 Thessaliam
1667 1880 1692 1906 a
1721 1880 1810 1920 sep-

377 1935 592 1986 tentrione,
613 1950 744 1990 usque
772 1933 825 1974 ad
861 1933 1090 1974 Melianum
1122 1933 1279 1974 sinum:
1311 1942 1435 1987 atque
1464 1932 1553 1973 haec
1579 1942 1641 1973 est
1663 1931 1813 1975 Ἑλλὰς

379 2002 611 2049 Ptolomaei,
632 2001 745 2057 apud
765 2015 886 2056 quem
906 1999 1135 2049 Thessalia,
1156 2013 1250 2054 quae
1277 1999 1452 2055 primum
1472 1998 1645 2040 Graeciae
1665 2013 1812 2039 nomen

375 2069 573 2112 Ἑλλάδος
601 2067 730 2119 dedit,
754 2082 780 2108 a
807 2065 981 2107 nominis
1009 2065 1317 2121 participatione
1345 2064 1592 2106 excluditur.
1650 2064 1814 2106 Deinde

377 2135 513 2185 latius,
533 2134 708 2176 eundem
731 2143 849 2174 terrae
871 2141 1062 2181 tractum,
1081 2131 1246 2172 inclusis
1265 2131 1386 2173 etiam
1404 2131 1616 2172 Thessalia
1634 2140 1675 2172 et
1695 2132 1813 2171 Pelo-

378 2217 570 2257 ponneso,
591 2200 814 2255 insulisque
834 2198 1019 2254 plurimis
1038 2198 1079 2238 in
1100 2197 1201 2238 mari
1222 2199 1387 2253 AEgaeo,
1403 2207 1444 2238 et
1463 2198 1552 2238 haec
1572 2208 1632 2238 est
1653 2197 1814 2238 Graecia

381 2268 605 2310 Strabonis.
665 2267 894 2316 Postremo,
915 2279 996 2307 non
1027 2274 1186 2305 tantum
1217 2273 1344 2305 terras
1371 2264 1481 2316 istas,
1507 2264 1577 2305 sed
1607 2274 1648 2305 et
1668 2264 1813 2304 Asiam

378 2335 590 2383 minorem,
618 2342 658 2374 et
688 2331 903 2372 nonnullas
933 2330 1053 2372 etiam
1086 2330 1274 2371 Africani
1309 2330 1455 2372 littoris
1486 2339 1635 2386 partes,
1663 2339 1701 2371 et
1726 2330 1815 2370 loca

378 2402 556 2457 denique
576 2399 722 2449 omnia,
744 2414 839 2454 quae
860 2397 996 2439 Graeci
1015 2397 1286 2446 incoluerunt,
1305 2407 1346 2438 et
1368 2397 1443 2438 hoc
1473 2411 1591 2438 sensu
1619 2406 1665 2437 ut
1691 2395 1816 2452 pluri-

379 2483 492 2509 mum
513 2466 624 2523 apud
646 2465 887 2522 posteriores
906 2475 966 2506 est
986 2472 1197 2519 usurpata.
1230 2464 1448 2504 STANL.

435 2535 493 2590 τε]
515 2537 582 2576 τοῦ
602 2535 666 2574 M.
688 2534 783 2574 Par.
805 2531 948 2573 Guelf.
970 2530 1071 2572 Ald.
1090 2530 1198 2572 Rob.

387 2651 390 2654 ῃ
437 2602 532 2656 256.
552 2599 686 2654 τήνδε]
710 2598 978 2640 Scribendum
998 2596 1068 2649 τήν
1087 2613 1129 2638 τε
1147 2611 1241 2638 cum
1265 2595 1454 2638 Stanleio.

438 2669 535 2723 258.
555 2668 663 2721 ὅρος]
684 2667 773 2719 ὅρος
791 2665 892 2707 Ald.

438 2746 532 2788 259.
562 2736 683 2774 τῶνδε
712 2733 804 2774 τάπὶ
831 2732 923 2773 τάδε
944 2733 1161 2773 Canterus.
1203 2733 1324 2770 τῶνδε
1353 2730 1514 2771 τᾶπειτα
1543 2730 1585 2770 δὲ
1616 2730 1680 2771 Μ.
1702 2730 1813 2771 Rob.

382 2799 527 2855 Steph.
556 2798 678 2840 τῶνδέ
697 2799 730 2839 τ’
750 2798 835 2839 ἔπει
853 2797 944 2838 τάδε
965 2795 1107 2838 Guelf.
1147 2795 1255 2837 τῶνδ’
1277 2794 1328 2836 ἔτ’
1351 2796 1483 2837 ἔπειτα
1502 2797 1546 2837 δὲ
1563 2794 1665 2836 Ald.
1705 2795 1813 2837 τῶνδ’

382 2866 433 2908 ἔτ’
456 2867 522 2908 ἐπὶ
539 2865 630 2907 τάδε
652 2866 789 2906 Turn.
825 2865 889 2905 ἐπὶ
907 2864 998 2906 τάδε
1019 2872 1216 2918 quattuor
1243 2861 1341 2904 locis
1371 2860 1814 2909 Isocratisrestitutum
