<?xml version="1.0" encoding="UTF-8"?>
<!DOCTYPE html PUBLIC "-//W3C//DTD XHTML 1.0 Transitional//EN"
    "http://www.w3.org/TR/xhtml1/DTD/xhtml1-transitional.dtd">
<html xmlns="http://www.w3.org/1999/xhtml" xml:lang="en" lang="en">
 <head>
  <title>
</title>
<meta http-equiv="Content-Type" content="text/html;charset=utf-8" />
  <meta name='ocr-system' content='tesseract 3.04.00' />
  <meta name='ocr-capabilities' content='ocr_page ocr_carea ocr_par ocr_line ocrx_word'/>
</head>
<body>
  <div class='ocr_page' id='page_1' title='image "./p2tragoediaesupe02aescuoft_0216.png"; bbox 0 0 1962 3224; ppageno 0'>
   <div class='ocr_carea' id='block_1_1' title="bbox 363 192 1326 233">
    <p class='ocr_par' dir='ltr' id='par_1_1' title="bbox 363 192 1326 233">
     <span class='ocr_line' id='line_1_1' title="bbox 363 192 1326 233; baseline 0 -2"><span class='ocrx_word' id='word_1_1' title='bbox 363 192 447 231; x_wconf 74' lang='lat'>532</span> <span class='ocrx_word' id='word_1_2' title='bbox 834 192 1326 233; x_wconf 87' lang='lat' dir='ltr'><strong>ANNOTATIONES</strong></span> 
     </span>
    </p>
   </div>
   <div class='ocr_carea' id='block_1_2' title="bbox 359 296 1825 2851">
    <p class='ocr_par' dir='ltr' id='par_1_2' title="bbox 366 296 1796 407">
     <span class='ocr_line' id='line_1_2' title="bbox 366 296 1796 354; baseline -0.001 -15"><span class='ocrx_word' id='word_1_3' title='bbox 366 299 486 339; x_wconf 83' lang='lat' dir='ltr'>hem!</span> <span class='ocrx_word' id='word_1_4' title='bbox 519 313 591 354; x_wconf 84' lang='lat' dir='ltr'>per</span> <span class='ocrx_word' id='word_1_5' title='bbox 621 313 684 339; x_wconf 88' lang='lat' dir='ltr'>me</span> <span class='ocrx_word' id='word_1_6' title='bbox 713 299 879 354; x_wconf 90' lang='lat' dir='ltr'>quidem</span> <span class='ocrx_word' id='word_1_7' title='bbox 905 299 1008 340; x_wconf 87' lang='lat' dir='ltr'>licet.</span> <span class='ocrx_word' id='word_1_8' title='bbox 1068 299 1226 340; x_wconf 87' lang='lat' dir='ltr'>Eodem</span> <span class='ocrx_word' id='word_1_9' title='bbox 1259 314 1375 340; x_wconf 89' lang='lat' dir='ltr'>sensu</span> <span class='ocrx_word' id='word_1_10' title='bbox 1398 314 1437 339; x_wconf 92' lang='lat' dir='ltr'>v.</span> <span class='ocrx_word' id='word_1_11' title='bbox 1458 309 1548 351; x_wconf 88' lang='lat'>117.</span> <span class='ocrx_word' id='word_1_12' title='bbox 1575 296 1713 349; x_wconf 80' lang='grc' dir='ltr'>μύζοιτ’</span> <span class='ocrx_word' id='word_1_13' title='bbox 1735 299 1796 339; x_wconf 80' lang='grc' dir='ltr'>ἄν.</span> 
     </span>
     <span class='ocr_line' id='line_1_3' title="bbox 369 367 500 407; baseline -0.008 0"><span class='ocrx_word' id='word_1_14' title='bbox 369 367 500 407; x_wconf 88' lang='lat' dir='ltr'>SCH.</span> 
     </span>
    </p>

    <p class='ocr_par' dir='ltr' id='par_1_3' title="bbox 364 430 1801 614">
     <span class='ocr_line' id='line_1_4' title="bbox 421 430 1801 485; baseline -0.002 -12"><span class='ocrx_word' id='word_1_15' title='bbox 421 445 491 485; x_wconf 87' lang='lat'>95.</span> <span class='ocrx_word' id='word_1_16' title='bbox 525 431 954 484; x_wconf 77' lang='grc' dir='ltr'>ἑγὼ-ἀπητιμασμένη</span> <span class='ocrx_word' id='word_1_17' title='bbox 984 431 1087 472; x_wconf 83' lang='lat' dir='ltr'>dixit</span> <span class='ocrx_word' id='word_1_18' title='bbox 1115 430 1414 472; x_wconf 82' lang='lat' dir='ltr'>constructione</span> <span class='ocrx_word' id='word_1_19' title='bbox 1444 446 1524 472; x_wconf 92' lang='lat' dir='ltr'>non</span> <span class='ocrx_word' id='word_1_20' title='bbox 1555 430 1679 471; x_wconf 92' lang='lat' dir='ltr'>verbo</span> <span class='ocrx_word' id='word_1_21' title='bbox 1707 445 1801 485; x_wconf 90' lang='lat' dir='ltr'>pro-</span> 
     </span>
     <span class='ocr_line' id='line_1_5' title="bbox 364 496 1798 552; baseline 0 -16"><span class='ocrx_word' id='word_1_22' title='bbox 364 496 476 537; x_wconf 86' lang='lat' dir='ltr'>ximo</span> <span class='ocrx_word' id='word_1_23' title='bbox 495 497 715 538; x_wconf 80' lang='grc' dir='ltr'>ἐκλείπεται</span> <span class='ocrx_word' id='word_1_24' title='bbox 734 497 1049 547; x_wconf 83' lang='lat' dir='ltr'>accommodata,</span> <span class='ocrx_word' id='word_1_25' title='bbox 1067 497 1177 552; x_wconf 92' lang='lat' dir='ltr'>quod</span> <span class='ocrx_word' id='word_1_26' title='bbox 1201 496 1635 548; x_wconf 71' lang='grc' dir='ltr'>ἐμοὶ-ἀπητιμασμένη</span> <span class='ocrx_word' id='word_1_27' title='bbox 1655 505 1798 552; x_wconf 85' lang='lat' dir='ltr'>postu-</span> 
     </span>
     <span class='ocr_line' id='line_1_6' title="bbox 365 562 992 614; baseline 0 -11"><span class='ocrx_word' id='word_1_28' title='bbox 365 562 490 613; x_wconf 87' lang='lat' dir='ltr'>labat,</span> <span class='ocrx_word' id='word_1_29' title='bbox 513 563 582 603; x_wconf 87' lang='lat' dir='ltr'>sed</span> <span class='ocrx_word' id='word_1_30' title='bbox 604 563 809 604; x_wconf 82' lang='lat' dir='ltr'><strong>remotiori</strong></span> <span class='ocrx_word' id='word_1_31' title='bbox 830 565 992 614; x_wconf 89' lang='grc' dir='ltr'>ἀλῶμαι.</span> 
     </span>
    </p>

    <p class='ocr_par' dir='ltr' id='par_1_4' title="bbox 366 629 1800 817">
     <span class='ocr_line' id='line_1_7' title="bbox 423 629 1800 685; baseline 0.001 -16"><span class='ocrx_word' id='word_1_32' title='bbox 423 631 490 682; x_wconf 91' lang='lat'>96.</span> <span class='ocrx_word' id='word_1_33' title='bbox 514 630 583 685; x_wconf 83' lang='grc' dir='ltr'>ὡς]</span> <span class='ocrx_word' id='word_1_34' title='bbox 609 629 876 670; x_wconf 88' lang='lat' dir='ltr'>Scribendum</span> <span class='ocrx_word' id='word_1_35' title='bbox 898 631 951 670; x_wconf 86' lang='grc' dir='ltr'>ὧν</span> <span class='ocrx_word' id='word_1_36' title='bbox 971 644 1064 669; x_wconf 90' lang='lat' dir='ltr'>cum</span> <span class='ocrx_word' id='word_1_37' title='bbox 1087 630 1335 685; x_wconf 89' lang='lat' dir='ltr'>Tyrwhitto‚</span> <span class='ocrx_word' id='word_1_38' title='bbox 1355 639 1553 670; x_wconf 89' lang='lat' dir='ltr'>commate</span> <span class='ocrx_word' id='word_1_39' title='bbox 1578 638 1670 685; x_wconf 87' lang='lat' dir='ltr'>post</span> <span class='ocrx_word' id='word_1_40' title='bbox 1692 629 1800 670; x_wconf 88' lang='grc' dir='ltr'>ἔκτα-</span> 
     </span>
     <span class='ocr_line' id='line_1_8' title="bbox 368 694 1798 751; baseline -0.001 -15"><span class='ocrx_word' id='word_1_41' title='bbox 368 711 438 736; x_wconf 93' lang='grc' dir='ltr'>νον</span> <span class='ocrx_word' id='word_1_42' title='bbox 460 694 607 735; x_wconf 84' lang='lat' dir='ltr'>deleto.</span> <span class='ocrx_word' id='word_1_43' title='bbox 638 697 692 735; x_wconf 82' lang='grc' dir='ltr'>ὧν</span> <span class='ocrx_word' id='word_1_44' title='bbox 719 705 854 736; x_wconf 88' lang='lat' dir='ltr'>autem</span> <span class='ocrx_word' id='word_1_45' title='bbox 885 695 938 735; x_wconf 92' lang='lat' dir='ltr'>ad</span> <span class='ocrx_word' id='word_1_46' title='bbox 969 695 1091 735; x_wconf 88' lang='lat' dir='ltr'>solam</span> <span class='ocrx_word' id='word_1_47' title='bbox 1123 696 1297 736; x_wconf 86' lang='lat' dir='ltr'>refertur</span> <span class='ocrx_word' id='word_1_48' title='bbox 1316 695 1639 750; x_wconf 83' lang='lat' dir='ltr'>Agamemnonis</span> <span class='ocrx_word' id='word_1_49' title='bbox 1667 710 1798 751; x_wconf 86' lang='lat' dir='ltr'>perso-</span> 
     </span>
     <span class='ocr_line' id='line_1_9' title="bbox 366 761 1519 817; baseline 0.001 -16"><span class='ocrx_word' id='word_1_50' title='bbox 366 775 458 802; x_wconf 86' lang='lat' dir='ltr'>nam</span> <span class='ocrx_word' id='word_1_51' title='bbox 475 777 484 802; x_wconf 89' lang='lat'><strong>:</strong></span> <span class='ocrx_word' id='word_1_52' title='bbox 517 761 588 816; x_wconf 87' lang='lat' dir='ltr'>qui</span> <span class='ocrx_word' id='word_1_53' title='bbox 611 776 690 801; x_wconf 88' lang='lat' dir='ltr'>non</span> <span class='ocrx_word' id='word_1_54' title='bbox 710 762 944 817; x_wconf 72' lang='lat' dir='ltr'><strong>infrequens</strong></span> <span class='ocrx_word' id='word_1_55' title='bbox 963 772 1023 802; x_wconf 88' lang='lat' dir='ltr'>est</span> <span class='ocrx_word' id='word_1_56' title='bbox 1042 761 1211 817; x_wconf 80' lang='lat' dir='ltr'>pluralis</span> <span class='ocrx_word' id='word_1_57' title='bbox 1230 763 1389 802; x_wconf 88' lang='lat' dir='ltr'>numeri</span> <span class='ocrx_word' id='word_1_58' title='bbox 1410 776 1519 802; x_wconf 78' lang='lat' dir='ltr'>usus,</span> 
     </span>
    </p>

    <p class='ocr_par' dir='ltr' id='par_1_5' title="bbox 429 827 1083 883">
     <span class='ocr_line' id='line_1_10' title="bbox 429 827 1083 883; baseline -0.002 -15"><span class='ocrx_word' id='word_1_59' title='bbox 429 840 520 868; x_wconf 88' lang='lat'>101.</span> <span class='ocrx_word' id='word_1_60' title='bbox 541 827 637 879; x_wconf 84' lang='grc' dir='ltr'>ὑπέρ</span> <span class='ocrx_word' id='word_1_61' title='bbox 657 827 751 883; x_wconf 89' lang='grc' dir='ltr'>μου]</span> <span class='ocrx_word' id='word_1_62' title='bbox 772 829 868 880; x_wconf 81' lang='grc' dir='ltr'>ὑπὲρ</span> <span class='ocrx_word' id='word_1_63' title='bbox 887 831 960 879; x_wconf 84' lang='grc' dir='ltr'>μοΰ</span> <span class='ocrx_word' id='word_1_64' title='bbox 981 828 1083 868; x_wconf 92' lang='lat' dir='ltr'>Ald.</span> 
     </span>
    </p>

    <p class='ocr_par' dir='ltr' id='par_1_6' title="bbox 429 893 1136 947">
     <span class='ocr_line' id='line_1_11' title="bbox 429 893 1136 947; baseline 0 -13"><span class='ocrx_word' id='word_1_65' title='bbox 429 906 520 934; x_wconf 85' lang='lat'>102.</span> <span class='ocrx_word' id='word_1_66' title='bbox 541 895 687 947; x_wconf 85' lang='grc' dir='ltr'>χερῶν]</span> <span class='ocrx_word' id='word_1_67' title='bbox 711 898 852 947; x_wconf 86' lang='grc' dir='ltr'>χειρῶν</span> <span class='ocrx_word' id='word_1_68' title='bbox 874 894 1015 935; x_wconf 87' lang='lat' dir='ltr'>Guelf.</span> <span class='ocrx_word' id='word_1_69' title='bbox 1038 893 1136 934; x_wconf 87' lang='lat' dir='ltr'>Ald.</span> 
     </span>
    </p>

    <p class='ocr_par' dir='ltr' id='par_1_7' title="bbox 366 958 1804 1210">
     <span class='ocr_line' id='line_1_12' title="bbox 429 958 1803 1013; baseline 0 -15"><span class='ocrx_word' id='word_1_70' title='bbox 429 971 520 1013; x_wconf 87' lang='lat'>103.</span> <span class='ocrx_word' id='word_1_71' title='bbox 550 959 622 1011; x_wconf 85' lang='grc' dir='ltr'>ὅρα</span> <span class='ocrx_word' id='word_1_72' title='bbox 651 960 693 999; x_wconf 77' lang='grc' dir='ltr'>δὲ</span> <span class='ocrx_word' id='word_1_73' title='bbox 722 962 874 1012; x_wconf 81' lang='grc' dir='ltr'>πληγὰς</span> <span class='ocrx_word' id='word_1_74' title='bbox 901 960 1033 1008; x_wconf 86' lang='grc' dir='ltr'>τάσδε,</span> <span class='ocrx_word' id='word_1_75' title='bbox 1063 960 1213 1011; x_wconf 87' lang='grc' dir='ltr'>καρδία,</span> <span class='ocrx_word' id='word_1_76' title='bbox 1241 958 1359 999; x_wconf 81' lang='grc' dir='ltr'>σέθεν</span> <span class='ocrx_word' id='word_1_77' title='bbox 1390 958 1609 999; x_wconf 87' lang='lat' dir='ltr'>Porsonus.</span> <span class='ocrx_word' id='word_1_78' title='bbox 1655 959 1727 1010; x_wconf 83' lang='grc' dir='ltr'>ὅρα</span> <span class='ocrx_word' id='word_1_79' title='bbox 1760 960 1803 999; x_wconf 80' lang='grc' dir='ltr'>δὲ</span> 
     </span>
     <span class='ocr_line' id='line_1_13' title="bbox 366 1015 1803 1079; baseline -0.001 -13"><span class='ocrx_word' id='word_1_80' title='bbox 366 1027 518 1078; x_wconf 78' lang='grc' dir='ltr'>πληγὰς</span> <span class='ocrx_word' id='word_1_81' title='bbox 537 1025 657 1067; x_wconf 86' lang='grc' dir='ltr'>τάσδε</span> <span class='ocrx_word' id='word_1_82' title='bbox 677 1027 830 1078; x_wconf 85' lang='grc' dir='ltr'>καρδίας</span> <span class='ocrx_word' id='word_1_83' title='bbox 852 1027 1006 1078; x_wconf 86' lang='grc' dir='ltr'>(καρδία</span> <span class='ocrx_word' id='word_1_84' title='bbox 1027 1026 1089 1066; x_wconf 93' lang='grc' dir='ltr'>Μ.</span> <span class='ocrx_word' id='word_1_85' title='bbox 1113 1015 1260 1066; x_wconf 71' lang='lat' dir='ltr'>Guelfl’</span> <span class='ocrx_word' id='word_1_86' title='bbox 1277 1024 1405 1077; x_wconf 88' lang='lat' dir='ltr'>Rob.)</span> <span class='ocrx_word' id='word_1_87' title='bbox 1425 1024 1542 1065; x_wconf 89' lang='grc' dir='ltr'>σέθεν</span> <span class='ocrx_word' id='word_1_88' title='bbox 1562 1024 1700 1079; x_wconf 88' lang='lat' dir='ltr'>vulgo.</span> <span class='ocrx_word' id='word_1_89' title='bbox 1730 1026 1803 1078; x_wconf 72' lang='grc' dir='ltr'>ὁρᾷ</span> 
     </span>
     <span class='ocr_line' id='line_1_14' title="bbox 367 1090 1804 1144; baseline -0.001 -12"><span class='ocrx_word' id='word_1_90' title='bbox 367 1093 409 1132; x_wconf 85' lang='grc' dir='ltr'>δὲ</span> <span class='ocrx_word' id='word_1_91' title='bbox 429 1094 581 1144; x_wconf 80' lang='grc' dir='ltr'>πληγὰς</span> <span class='ocrx_word' id='word_1_92' title='bbox 600 1091 720 1132; x_wconf 84' lang='grc' dir='ltr'>τάσδε</span> <span class='ocrx_word' id='word_1_93' title='bbox 741 1093 875 1144; x_wconf 88' lang='grc' dir='ltr'>καρδία</span> <span class='ocrx_word' id='word_1_94' title='bbox 895 1091 1013 1132; x_wconf 85' lang='grc' dir='ltr'>σέθεν</span> <span class='ocrx_word' id='word_1_95' title='bbox 1035 1091 1242 1132; x_wconf 77' lang='lat' dir='ltr'>Pauwius.</span> <span class='ocrx_word' id='word_1_96' title='bbox 1291 1090 1559 1131; x_wconf 86' lang='lat' dir='ltr'>Scribendum</span> <span class='ocrx_word' id='word_1_97' title='bbox 1580 1105 1672 1131; x_wconf 88' lang='lat' dir='ltr'>cum</span> <span class='ocrx_word' id='word_1_98' title='bbox 1695 1091 1804 1131; x_wconf 88' lang='lat' dir='ltr'>Her-</span> 
     </span>
     <span class='ocr_line' id='line_1_15' title="bbox 366 1158 1281 1210; baseline -0.001 -12"><span class='ocrx_word' id='word_1_99' title='bbox 366 1172 516 1198; x_wconf 87' lang='lat' dir='ltr'>manno</span> <span class='ocrx_word' id='word_1_100' title='bbox 536 1158 608 1209; x_wconf 86' lang='grc' dir='ltr'>ὅρα</span> <span class='ocrx_word' id='word_1_101' title='bbox 628 1159 669 1198; x_wconf 77' lang='grc' dir='ltr'>δὲ</span> <span class='ocrx_word' id='word_1_102' title='bbox 689 1160 841 1210; x_wconf 81' lang='grc' dir='ltr'>πληγὰς</span> <span class='ocrx_word' id='word_1_103' title='bbox 861 1158 979 1198; x_wconf 84' lang='grc' dir='ltr'>τάσδε</span> <span class='ocrx_word' id='word_1_104' title='bbox 1000 1159 1156 1210; x_wconf 82' lang='grc' dir='ltr'>καρδίας</span> <span class='ocrx_word' id='word_1_105' title='bbox 1175 1159 1281 1198; x_wconf 85' lang='grc' dir='ltr'>ὅθεν.</span> 
     </span>
    </p>

    <p class='ocr_par' dir='ltr' id='par_1_8' title="bbox 359 1223 1825 2141">
     <span class='ocr_line' id='line_1_16' title="bbox 428 1223 1804 1279; baseline -0.001 -14"><span class='ocrx_word' id='word_1_106' title='bbox 428 1238 521 1276; x_wconf 86' lang='lat'>104.</span> <span class='ocrx_word' id='word_1_107' title='bbox 546 1225 710 1264; x_wconf 81' lang='grc' dir='ltr'>εὕδουσα</span> <span class='ocrx_word' id='word_1_108' title='bbox 730 1226 804 1276; x_wconf 79' lang='grc' dir='ltr'>γὰρ</span> <span class='ocrx_word' id='word_1_109' title='bbox 831 1224 953 1279; x_wconf 78' lang='grc' dir='ltr'>φρὴν]</span> <span class='ocrx_word' id='word_1_110' title='bbox 979 1224 1122 1265; x_wconf 89' lang='lat' dir='ltr'>Cicero</span> <span class='ocrx_word' id='word_1_111' title='bbox 1145 1224 1196 1264; x_wconf 92' lang='lat' dir='ltr'>de</span> <span class='ocrx_word' id='word_1_112' title='bbox 1217 1223 1399 1264; x_wconf 84' lang='lat' dir='ltr'>Divinat.</span> <span class='ocrx_word' id='word_1_113' title='bbox 1422 1237 1460 1272; x_wconf 89' lang='lat'>1,</span> <span class='ocrx_word' id='word_1_114' title='bbox 1480 1236 1548 1278; x_wconf 81' lang='lat'>30.</span> <span class='ocrx_word' id='word_1_115' title='bbox 1610 1223 1715 1264; x_wconf 79' lang='lat' dir='ltr'>Cum</span> <span class='ocrx_word' id='word_1_116' title='bbox 1744 1229 1804 1263; x_wconf 79' lang='lat' dir='ltr'>est</span> 
     </span>
     <span class='ocr_line' id='line_1_17' title="bbox 366 1290 1806 1346; baseline -0.001 -14"><span class='ocrx_word' id='word_1_117' title='bbox 366 1305 502 1332; x_wconf 78' lang='lat' dir='ltr'>somno</span> <span class='ocrx_word' id='word_1_118' title='bbox 520 1297 730 1331; x_wconf 71' lang='lat' dir='ltr'>sevocatus</span> <span class='ocrx_word' id='word_1_119' title='bbox 745 1305 772 1330; x_wconf 88' lang='lat' dir='ltr'>a</span> <span class='ocrx_word' id='word_1_120' title='bbox 789 1292 975 1331; x_wconf 73' lang='lat' dir='ltr'>societate</span> <span class='ocrx_word' id='word_1_121' title='bbox 995 1297 1033 1331; x_wconf 82' lang='lat' dir='ltr'>et</span> <span class='ocrx_word' id='word_1_122' title='bbox 1051 1292 1293 1346; x_wconf 79' lang='lat' dir='ltr'><em>contagione</em></span> <span class='ocrx_word' id='word_1_123' title='bbox 1307 1290 1502 1345; x_wconf 72' lang='lat' dir='ltr'>corporis,</span> <span class='ocrx_word' id='word_1_124' title='bbox 1520 1295 1606 1330; x_wconf 80' lang='lat' dir='ltr'>tum</span> <span class='ocrx_word' id='word_1_125' title='bbox 1621 1290 1806 1330; x_wconf 76' lang='lat' dir='ltr'>meminit</span> 
     </span>
     <span class='ocr_line' id='line_1_18' title="bbox 359 1354 1805 1413; baseline -0.002 -15"><span class='ocrx_word' id='word_1_126' title='bbox 359 1358 688 1413; x_wconf 74' lang='lat' dir='ltr'>proeteritorum,</span> <span class='ocrx_word' id='word_1_127' title='bbox 702 1358 930 1412; x_wconf 49' lang='lat' dir='ltr'>praesent‘ia</span> <span class='ocrx_word' id='word_1_128' title='bbox 948 1358 1093 1406; x_wconf 77' lang='lat' dir='ltr'>cernit,</span> <span class='ocrx_word' id='word_1_129' title='bbox 1097 1358 1263 1411; x_wconf 77' lang='lat' dir='ltr'>fictura</span> <span class='ocrx_word' id='word_1_130' title='bbox 1280 1355 1484 1412; x_wconf 75' lang='lat' dir='ltr'>providet.</span> <span class='ocrx_word' id='word_1_131' title='bbox 1546 1354 1663 1395; x_wconf 88' lang='lat' dir='ltr'>Idem</span> <span class='ocrx_word' id='word_1_132' title='bbox 1684 1355 1805 1396; x_wconf 85' lang='lat' dir='ltr'>Plato</span> 
     </span>
     <span class='ocr_line' id='line_1_19' title="bbox 369 1422 1805 1479; baseline 0 -16"><span class='ocrx_word' id='word_1_133' title='bbox 369 1424 462 1478; x_wconf 89' lang='lat' dir='ltr'>[sub</span> <span class='ocrx_word' id='word_1_134' title='bbox 477 1423 653 1478; x_wconf 89' lang='lat' dir='ltr'>initium]</span> <span class='ocrx_word' id='word_1_135' title='bbox 666 1423 735 1465; x_wconf 92' lang='lat' dir='ltr'>lib.</span> <span class='ocrx_word' id='word_1_136' title='bbox 750 1438 790 1478; x_wconf 93' lang='lat'>9.</span> <span class='ocrx_word' id='word_1_137' title='bbox 803 1423 855 1463; x_wconf 85' lang='lat' dir='ltr'>de</span> <span class='ocrx_word' id='word_1_138' title='bbox 873 1423 1029 1478; x_wconf 83' lang='lat' dir='ltr'>republ.</span> <span class='ocrx_word' id='word_1_139' title='bbox 1043 1424 1161 1479; x_wconf 86' lang='lat' dir='ltr'>cujus</span> <span class='ocrx_word' id='word_1_140' title='bbox 1175 1424 1296 1464; x_wconf 85' lang='lat' dir='ltr'>verba</span> <span class='ocrx_word' id='word_1_141' title='bbox 1310 1423 1457 1464; x_wconf 86' lang='lat' dir='ltr'><strong>Latine</strong></span> <span class='ocrx_word' id='word_1_142' title='bbox 1470 1422 1646 1463; x_wconf 82' lang='lat' dir='ltr'>reddidit</span> <span class='ocrx_word' id='word_1_143' title='bbox 1661 1423 1805 1463; x_wconf 87' lang='lat' dir='ltr'>Cicero</span> 
     </span>
     <span class='ocr_line' id='line_1_20' title="bbox 367 1488 1801 1543; baseline 0 -13"><span class='ocrx_word' id='word_1_144' title='bbox 367 1490 507 1530; x_wconf 86' lang='lat' dir='ltr'>ibid.c.</span> <span class='ocrx_word' id='word_1_145' title='bbox 518 1503 581 1543; x_wconf 83' lang='lat'>29.</span> <span class='ocrx_word' id='word_1_146' title='bbox 606 1491 656 1530; x_wconf 93' lang='lat' dir='ltr'>In</span> <span class='ocrx_word' id='word_1_147' title='bbox 670 1490 837 1530; x_wconf 86' lang='lat' dir='ltr'>eandem</span> <span class='ocrx_word' id='word_1_148' title='bbox 853 1490 1090 1530; x_wconf 88' lang='lat' dir='ltr'>sententiam</span> <span class='ocrx_word' id='word_1_149' title='bbox 1103 1490 1188 1530; x_wconf 85' lang='lat' dir='ltr'>abit</span> <span class='ocrx_word' id='word_1_150' title='bbox 1202 1490 1442 1530; x_wconf 91' lang='lat' dir='ltr'>Aristoteles</span> <span class='ocrx_word' id='word_1_151' title='bbox 1453 1490 1521 1530; x_wconf 89' lang='lat' dir='ltr'>lib.</span> <span class='ocrx_word' id='word_1_152' title='bbox 1535 1490 1635 1541; x_wconf 82' lang='grc' dir='ltr'>Περὶ</span> <span class='ocrx_word' id='word_1_153' title='bbox 1646 1493 1711 1540; x_wconf 85' lang='grc' dir='ltr'>τῆς</span> <span class='ocrx_word' id='word_1_154' title='bbox 1719 1488 1801 1530; x_wconf 82' lang='grc' dir='ltr'>καθ’</span> 
     </span>
     <span class='ocr_line' id='line_1_21' title="bbox 367 1555 1804 1611; baseline -0.001 -14"><span class='ocrx_word' id='word_1_155' title='bbox 367 1558 490 1597; x_wconf 85' lang='grc' dir='ltr'>ὕπνον</span> <span class='ocrx_word' id='word_1_156' title='bbox 504 1559 686 1608; x_wconf 85' lang='grc' dir='ltr'>μαντικῆς</span> <span class='ocrx_word' id='word_1_157' title='bbox 699 1571 734 1596; x_wconf 89' lang='lat' dir='ltr'>c.</span> <span class='ocrx_word' id='word_1_158' title='bbox 751 1569 787 1598; x_wconf 84' lang='lat'>2.</span> <span class='ocrx_word' id='word_1_159' title='bbox 816 1557 946 1596; x_wconf 87' lang='lat' dir='ltr'>Recte</span> <span class='ocrx_word' id='word_1_160' title='bbox 960 1555 1099 1610; x_wconf 85' lang='lat' dir='ltr'>itaque</span> <span class='ocrx_word' id='word_1_161' title='bbox 1113 1556 1391 1611; x_wconf 83' lang='lat' dir='ltr'>Peripateticis</span> <span class='ocrx_word' id='word_1_162' title='bbox 1407 1557 1484 1597; x_wconf 89' lang='lat' dir='ltr'>hoc</span> <span class='ocrx_word' id='word_1_163' title='bbox 1498 1556 1648 1610; x_wconf 86' lang='lat' dir='ltr'>dogma</span> <span class='ocrx_word' id='word_1_164' title='bbox 1661 1555 1804 1596; x_wconf 78' lang='lat' dir='ltr'>tribuit</span> 
     </span>
     <span class='ocr_line' id='line_1_22' title="bbox 369 1622 1803 1677; baseline -0.001 -15"><span class='ocrx_word' id='word_1_165' title='bbox 369 1622 574 1672; x_wconf 84' lang='lat' dir='ltr'>AElianus,</span> <span class='ocrx_word' id='word_1_166' title='bbox 595 1622 873 1677; x_wconf 81' lang='lat' dir='ltr'>rationemque</span> <span class='ocrx_word' id='word_1_167' title='bbox 892 1622 944 1662; x_wconf 87' lang='lat' dir='ltr'>ab</span> <span class='ocrx_word' id='word_1_168' title='bbox 964 1622 1011 1662; x_wconf 90' lang='lat' dir='ltr'>iis</span> <span class='ocrx_word' id='word_1_169' title='bbox 1039 1622 1229 1663; x_wconf 82' lang='lat' dir='ltr'>traditam</span> <span class='ocrx_word' id='word_1_170' title='bbox 1255 1622 1423 1663; x_wconf 87' lang='lat' dir='ltr'>adducit</span> <span class='ocrx_word' id='word_1_171' title='bbox 1444 1624 1538 1663; x_wconf 87' lang='lat' dir='ltr'>Var.</span> <span class='ocrx_word' id='word_1_172' title='bbox 1562 1622 1654 1662; x_wconf 83' lang='lat' dir='ltr'>hist.</span> <span class='ocrx_word' id='word_1_173' title='bbox 1674 1635 1717 1675; x_wconf 85' lang='lat'>3,</span> <span class='ocrx_word' id='word_1_174' title='bbox 1739 1634 1803 1662; x_wconf 88' lang='lat'>11.</span> 
     </span>
     <span class='ocr_line' id='line_1_23' title="bbox 369 1687 1801 1743; baseline -0.001 -14"><span class='ocrx_word' id='word_1_175' title='bbox 369 1691 406 1730; x_wconf 80' lang='grc' dir='ltr'>οἱ</span> <span class='ocrx_word' id='word_1_176' title='bbox 426 1690 726 1741; x_wconf 84' lang='grc' dir='ltr'>Περιπατητικοί</span> <span class='ocrx_word' id='word_1_177' title='bbox 753 1694 852 1740; x_wconf 89' lang='grc' dir='ltr'>φασι</span> <span class='ocrx_word' id='word_1_178' title='bbox 878 1687 961 1739; x_wconf 82' lang='grc' dir='ltr'>μεθ’</span> <span class='ocrx_word' id='word_1_179' title='bbox 982 1688 1128 1740; x_wconf 85' lang='grc' dir='ltr'>ἡμέραν</span> <span class='ocrx_word' id='word_1_180' title='bbox 1149 1690 1385 1739; x_wconf 84' lang='grc' dir='ltr'>θητεύουσαν</span> <span class='ocrx_word' id='word_1_181' title='bbox 1403 1689 1474 1740; x_wconf 80' lang='grc' dir='ltr'>τὴν</span> <span class='ocrx_word' id='word_1_182' title='bbox 1491 1688 1627 1741; x_wconf 79' lang='grc' dir='ltr'>ψυχὴν</span> <span class='ocrx_word' id='word_1_183' title='bbox 1646 1690 1697 1743; x_wconf 74' lang='grc' dir='ltr'>τῷ</span> <span class='ocrx_word' id='word_1_184' title='bbox 1725 1688 1801 1727; x_wconf 82' lang='grc' dir='ltr'>σώ-</span> 
     </span>
     <span class='ocr_line' id='line_1_24' title="bbox 367 1754 1802 1806; baseline -0.001 -11"><span class='ocrx_word' id='word_1_185' title='bbox 367 1771 459 1806; x_wconf 86' lang='grc' dir='ltr'>ματι</span> <span class='ocrx_word' id='word_1_186' title='bbox 477 1754 793 1806; x_wconf 87' lang='grc' dir='ltr'>περιπλέκεσθαι,</span> <span class='ocrx_word' id='word_1_187' title='bbox 817 1754 948 1805; x_wconf 78' lang='grc' dir='ltr'>καὶμὴ</span> <span class='ocrx_word' id='word_1_188' title='bbox 972 1755 1160 1794; x_wconf 88' lang='grc' dir='ltr'>δύνασθαι</span> <span class='ocrx_word' id='word_1_189' title='bbox 1191 1758 1362 1806; x_wconf 86' lang='grc' dir='ltr'>καθαρῶς</span> <span class='ocrx_word' id='word_1_190' title='bbox 1390 1754 1459 1805; x_wconf 82' lang='grc' dir='ltr'>τὴν</span> <span class='ocrx_word' id='word_1_191' title='bbox 1488 1754 1676 1805; x_wconf 87' lang='grc' dir='ltr'>ἀλήθειαν</span> <span class='ocrx_word' id='word_1_192' title='bbox 1706 1757 1802 1794; x_wconf 90' lang='grc' dir='ltr'>θεω-</span> 
     </span>
     <span class='ocr_line' id='line_1_25' title="bbox 367 1820 1803 1874; baseline -0.001 -12"><span class='ocrx_word' id='word_1_193' title='bbox 367 1826 465 1873; x_wconf 85' lang='grc' dir='ltr'>ρεῖν.</span> <span class='ocrx_word' id='word_1_194' title='bbox 496 1822 640 1874; x_wconf 86' lang='grc' dir='ltr'>νύκτωρ</span> <span class='ocrx_word' id='word_1_195' title='bbox 660 1823 701 1862; x_wconf 82' lang='grc' dir='ltr'>δὲ</span> <span class='ocrx_word' id='word_1_196' title='bbox 721 1825 973 1862; x_wconf 85' lang='grc' dir='ltr'>διαλυθεῖσαν</span> <span class='ocrx_word' id='word_1_197' title='bbox 993 1823 1056 1871; x_wconf 84' lang='grc' dir='ltr'>τῆς</span> <span class='ocrx_word' id='word_1_198' title='bbox 1074 1821 1162 1872; x_wconf 86' lang='grc' dir='ltr'>περὶ</span> <span class='ocrx_word' id='word_1_199' title='bbox 1182 1824 1294 1861; x_wconf 84' lang='grc' dir='ltr'>τοῦτο</span> <span class='ocrx_word' id='word_1_200' title='bbox 1321 1822 1573 1873; x_wconf 82' lang='grc' dir='ltr'>λειτουργίας,</span> <span class='ocrx_word' id='word_1_201' title='bbox 1597 1820 1658 1860; x_wconf 87' lang='grc' dir='ltr'>καὶ</span> <span class='ocrx_word' id='word_1_202' title='bbox 1685 1825 1803 1872; x_wconf 86' lang='grc' dir='ltr'>σφαι-</span> 
     </span>
     <span class='ocr_line' id='line_1_26' title="bbox 367 1886 1825 1943; baseline 0 -15"><span class='ocrx_word' id='word_1_203' title='bbox 367 1891 561 1939; x_wconf 87' lang='grc' dir='ltr'>ρωθεῖσαν</span> <span class='ocrx_word' id='word_1_204' title='bbox 581 1890 624 1929; x_wconf 82' lang='grc' dir='ltr'>ἐν</span> <span class='ocrx_word' id='word_1_205' title='bbox 643 1891 694 1943; x_wconf 67' lang='grc' dir='ltr'>τῷ</span> <span class='ocrx_word' id='word_1_206' title='bbox 715 1889 804 1940; x_wconf 86' lang='grc' dir='ltr'>περὶ</span> <span class='ocrx_word' id='word_1_207' title='bbox 821 1888 889 1928; x_wconf 85' lang='grc' dir='ltr'>τὸν</span> <span class='ocrx_word' id='word_1_208' title='bbox 909 1888 1063 1939; x_wconf 80' lang='grc' dir='ltr'>θώρακα</span> <span class='ocrx_word' id='word_1_209' title='bbox 1090 1888 1206 1941; x_wconf 81' lang='grc' dir='ltr'>τόπῳ,</span> <span class='ocrx_word' id='word_1_210' title='bbox 1227 1887 1514 1938; x_wconf 84' lang='grc' dir='ltr'>μαντικωτέραν</span> <span class='ocrx_word' id='word_1_211' title='bbox 1537 1886 1738 1939; x_wconf 84' lang='grc' dir='ltr'>γένεσθαι,</span> <span class='ocrx_word' id='word_1_212' title='bbox 1761 1887 1803 1936; x_wconf 77' lang='grc' dir='ltr'>ἐξ</span> <span class='ocrx_word' id='word_1_213' title='bbox 1821 1923 1825 1928; x_wconf 83' lang='grc'><strong>.</strong></span> 
     </span>
     <span class='ocr_line' id='line_1_27' title="bbox 369 1951 1804 2008; baseline -0.001 -14"><span class='ocrx_word' id='word_1_214' title='bbox 369 1955 423 1994; x_wconf 79' lang='grc' dir='ltr'>ὧν</span> <span class='ocrx_word' id='word_1_215' title='bbox 441 1956 490 1995; x_wconf 80' lang='grc' dir='ltr'>τὰ</span> <span class='ocrx_word' id='word_1_216' title='bbox 509 1956 681 1995; x_wconf 81' lang='grc' dir='ltr'>ἐνύπνια.</span> <span class='ocrx_word' id='word_1_217' title='bbox 740 1956 872 1994; x_wconf 86' lang='grc' dir='ltr'>Ροιϊο</span> <span class='ocrx_word' id='word_1_218' title='bbox 892 1952 1136 2008; x_wconf 89' lang='lat' dir='ltr'>AEschylum</span> <span class='ocrx_word' id='word_1_219' title='bbox 1159 1953 1262 1993; x_wconf 89' lang='lat' dir='ltr'>hanc</span> <span class='ocrx_word' id='word_1_220' title='bbox 1287 1953 1525 1994; x_wconf 88' lang='lat' dir='ltr'>sententiam</span> <span class='ocrx_word' id='word_1_221' title='bbox 1555 1955 1622 2007; x_wconf 90' lang='lat' dir='ltr'>(ut</span> <span class='ocrx_word' id='word_1_222' title='bbox 1651 1964 1691 1993; x_wconf 90' lang='lat' dir='ltr'>et</span> <span class='ocrx_word' id='word_1_223' title='bbox 1720 1951 1804 2007; x_wconf 90' lang='lat' dir='ltr'>ple-</span> 
     </span>
     <span class='ocr_line' id='line_1_28' title="bbox 368 2018 1806 2075; baseline -0.001 -15"><span class='ocrx_word' id='word_1_224' title='bbox 368 2034 516 2075; x_wconf 89' lang='lat' dir='ltr'>rasque</span> <span class='ocrx_word' id='word_1_225' title='bbox 544 2020 660 2072; x_wconf 87' lang='lat' dir='ltr'>alias)</span> <span class='ocrx_word' id='word_1_226' title='bbox 688 2035 711 2060; x_wconf 91' lang='lat' dir='ltr'>e</span> <span class='ocrx_word' id='word_1_227' title='bbox 728 2019 842 2060; x_wconf 90' lang='lat' dir='ltr'>fonte</span> <span class='ocrx_word' id='word_1_228' title='bbox 863 2019 1112 2075; x_wconf 81' lang='lat' dir='ltr'>Pythagorae</span> <span class='ocrx_word' id='word_1_229' title='bbox 1142 2019 1321 2060; x_wconf 81' lang='lat' dir='ltr'>hausisse</span> <span class='ocrx_word' id='word_1_230' title='bbox 1349 2019 1487 2060; x_wconf 85' lang='lat' dir='ltr'>nullus</span> <span class='ocrx_word' id='word_1_231' title='bbox 1515 2018 1676 2060; x_wconf 86' lang='lat' dir='ltr'>dubito.</span> <span class='ocrx_word' id='word_1_232' title='bbox 1736 2018 1806 2059; x_wconf 84' lang='lat' dir='ltr'>Cf.</span> 
     </span>
     <span class='ocr_line' id='line_1_29' title="bbox 370 2086 1262 2141; baseline 0 -15"><span class='ocrx_word' id='word_1_233' title='bbox 370 2086 592 2127; x_wconf 84' lang='lat' dir='ltr'>Jamblich.</span> <span class='ocrx_word' id='word_1_234' title='bbox 614 2087 655 2126; x_wconf 90' lang='lat' dir='ltr'>in</span> <span class='ocrx_word' id='word_1_235' title='bbox 676 2086 764 2141; x_wconf 82' lang='lat' dir='ltr'>ejus</span> <span class='ocrx_word' id='word_1_236' title='bbox 785 2086 868 2126; x_wconf 86' lang='lat' dir='ltr'>vita</span> <span class='ocrx_word' id='word_1_237' title='bbox 888 2100 925 2126; x_wconf 89' lang='lat' dir='ltr'>c.</span> <span class='ocrx_word' id='word_1_238' title='bbox 947 2098 1011 2139; x_wconf 84' lang='lat'>15.</span> <span class='ocrx_word' id='word_1_239' title='bbox 1044 2086 1262 2126; x_wconf 86' lang='lat' dir='ltr'>STANL.</span> 
     </span>
    </p>

    <p class='ocr_par' dir='ltr' id='par_1_9' title="bbox 426 2150 1443 2207">
     <span class='ocr_line' id='line_1_30' title="bbox 426 2150 1443 2207; baseline -0.001 -14"><span class='ocrx_word' id='word_1_240' title='bbox 426 2153 612 2207; x_wconf 85' lang='grc' dir='ltr'>ὄμμασιν]</span> <span class='ocrx_word' id='word_1_241' title='bbox 634 2154 782 2204; x_wconf 87' lang='grc' dir='ltr'>ὄμμασι</span> <span class='ocrx_word' id='word_1_242' title='bbox 800 2153 865 2192; x_wconf 93' lang='grc' dir='ltr'>Μ.</span> <span class='ocrx_word' id='word_1_243' title='bbox 887 2150 1030 2192; x_wconf 86' lang='lat' dir='ltr'>Guelf.</span> <span class='ocrx_word' id='word_1_244' title='bbox 1051 2150 1153 2192; x_wconf 88' lang='lat' dir='ltr'>Ald.</span> <span class='ocrx_word' id='word_1_245' title='bbox 1176 2152 1282 2192; x_wconf 88' lang='lat' dir='ltr'>Rob.</span> <span class='ocrx_word' id='word_1_246' title='bbox 1307 2153 1443 2192; x_wconf 86' lang='lat' dir='ltr'>Turn.</span> 
     </span>
    </p>

    <p class='ocr_par' dir='ltr' id='par_1_10' title="bbox 369 2216 1807 2404">
     <span class='ocr_line' id='line_1_31' title="bbox 431 2216 1807 2273; baseline -0.002 -14"><span class='ocrx_word' id='word_1_247' title='bbox 431 2232 481 2259; x_wconf 83' lang='grc'>10</span> <span class='ocrx_word' id='word_1_248' title='bbox 482 2228 525 2273; x_wconf 84' lang='lat'>5.</span> <span class='ocrx_word' id='word_1_249' title='bbox 552 2222 668 2270; x_wconf 85' lang='grc' dir='ltr'>μοῖρα</span> <span class='ocrx_word' id='word_1_250' title='bbox 685 2219 908 2270; x_wconf 88' lang='grc' dir='ltr'>πρόσκοπος</span> <span class='ocrx_word' id='word_1_251' title='bbox 929 2218 993 2257; x_wconf 90' lang='grc' dir='ltr'>Μ.</span> <span class='ocrx_word' id='word_1_252' title='bbox 1015 2216 1116 2257; x_wconf 89' lang='lat' dir='ltr'>Ald.</span> <span class='ocrx_word' id='word_1_253' title='bbox 1135 2221 1252 2269; x_wconf 86' lang='grc' dir='ltr'>μοῖρα</span> <span class='ocrx_word' id='word_1_254' title='bbox 1269 2218 1514 2269; x_wconf 86' lang='grc' dir='ltr'>πρόσκοπτος</span> <span class='ocrx_word' id='word_1_255' title='bbox 1534 2216 1641 2258; x_wconf 86' lang='lat' dir='ltr'>Rob.</span> <span class='ocrx_word' id='word_1_256' title='bbox 1702 2216 1807 2257; x_wconf 82' lang='lat' dir='ltr'>Scri-</span> 
     </span>
     <span class='ocr_line' id='line_1_32' title="bbox 370 2283 1806 2339; baseline -0.001 -15"><span class='ocrx_word' id='word_1_257' title='bbox 370 2284 552 2325; x_wconf 91' lang='lat' dir='ltr'>bendum</span> <span class='ocrx_word' id='word_1_258' title='bbox 572 2283 671 2336; x_wconf 87' lang='grc' dir='ltr'>μοΐρ’</span> <span class='ocrx_word' id='word_1_259' title='bbox 693 2284 939 2335; x_wconf 83' lang='grc' dir='ltr'>ἀπρόσκοπος</span> <span class='ocrx_word' id='word_1_260' title='bbox 958 2297 1051 2323; x_wconf 91' lang='lat' dir='ltr'>cum</span> <span class='ocrx_word' id='word_1_261' title='bbox 1084 2284 1218 2323; x_wconf 82' lang='lat' dir='ltr'>Turn.</span> <span class='ocrx_word' id='word_1_262' title='bbox 1251 2283 1392 2339; x_wconf 88' lang='lat' dir='ltr'>Steph.</span> <span class='ocrx_word' id='word_1_263' title='bbox 1421 2283 1534 2338; x_wconf 93' lang='lat' dir='ltr'>quod</span> <span class='ocrx_word' id='word_1_264' title='bbox 1562 2283 1661 2339; x_wconf 89' lang='lat' dir='ltr'>legit</span> <span class='ocrx_word' id='word_1_265' title='bbox 1690 2283 1806 2324; x_wconf 82' lang='lat' dir='ltr'>scho-</span> 
     </span>
     <span class='ocr_line' id='line_1_33' title="bbox 369 2349 1375 2404; baseline -0.001 -14"><span class='ocrx_word' id='word_1_266' title='bbox 369 2350 501 2400; x_wconf 85' lang='lat' dir='ltr'>liasta,</span> <span class='ocrx_word' id='word_1_267' title='bbox 521 2351 545 2401; x_wconf 85' lang='grc' dir='ltr'>ἡ</span> <span class='ocrx_word' id='word_1_268' title='bbox 565 2353 631 2400; x_wconf 81' lang='grc' dir='ltr'>τῆς</span> <span class='ocrx_word' id='word_1_269' title='bbox 651 2350 794 2402; x_wconf 82' lang='grc' dir='ltr'>φρενὸς</span> <span class='ocrx_word' id='word_1_270' title='bbox 812 2353 928 2401; x_wconf 83' lang='grc' dir='ltr'>μοῖρα</span> <span class='ocrx_word' id='word_1_271' title='bbox 948 2350 993 2390; x_wconf 86' lang='grc' dir='ltr'>οὐ</span> <span class='ocrx_word' id='word_1_272' title='bbox 1011 2352 1158 2402; x_wconf 78' lang='grc' dir='ltr'>προορᾷ</span> <span class='ocrx_word' id='word_1_273' title='bbox 1178 2351 1222 2390; x_wconf 84' lang='grc' dir='ltr'>ἐν</span> <span class='ocrx_word' id='word_1_274' title='bbox 1239 2349 1375 2404; x_wconf 73' lang='grc' dir='ltr'>ἡμέρᾳ.</span> 
     </span>
    </p>

    <p class='ocr_par' dir='ltr' id='par_1_11' title="bbox 371 2415 1809 2601">
     <span class='ocr_line' id='line_1_34' title="bbox 426 2415 1806 2470; baseline 0 -14"><span class='ocrx_word' id='word_1_275' title='bbox 426 2416 596 2470; x_wconf 85' lang='grc' dir='ltr'>βροτῶν]</span> <span class='ocrx_word' id='word_1_276' title='bbox 619 2417 813 2470; x_wconf 89' lang='lat' dir='ltr'>Ineptum</span> <span class='ocrx_word' id='word_1_277' title='bbox 835 2424 896 2456; x_wconf 89' lang='lat' dir='ltr'>est</span> <span class='ocrx_word' id='word_1_278' title='bbox 923 2419 1089 2467; x_wconf 82' lang='grc' dir='ltr'>βροτῶν,</span> <span class='ocrx_word' id='word_1_279' title='bbox 1111 2430 1240 2469; x_wconf 91' lang='lat' dir='ltr'>quum</span> <span class='ocrx_word' id='word_1_280' title='bbox 1270 2429 1351 2455; x_wconf 92' lang='lat' dir='ltr'>non</span> <span class='ocrx_word' id='word_1_281' title='bbox 1381 2415 1433 2455; x_wconf 89' lang='lat' dir='ltr'>de</span> <span class='ocrx_word' id='word_1_282' title='bbox 1463 2416 1715 2465; x_wconf 85' lang='lat' dir='ltr'>mortalibus,</span> <span class='ocrx_word' id='word_1_283' title='bbox 1737 2415 1806 2456; x_wconf 90' lang='lat' dir='ltr'>sed</span> 
     </span>
     <span class='ocr_line' id='line_1_35' title="bbox 371 2481 1809 2537; baseline 0 -16"><span class='ocrx_word' id='word_1_284' title='bbox 371 2481 423 2521; x_wconf 93' lang='lat' dir='ltr'>de</span> <span class='ocrx_word' id='word_1_285' title='bbox 452 2481 608 2522; x_wconf 84' lang='lat' dir='ltr'>deabus</span> <span class='ocrx_word' id='word_1_286' title='bbox 635 2491 794 2536; x_wconf 85' lang='lat' dir='ltr'>agatur.</span> <span class='ocrx_word' id='word_1_287' title='bbox 856 2483 985 2522; x_wconf 87' lang='lat' dir='ltr'>Recte</span> <span class='ocrx_word' id='word_1_288' title='bbox 1012 2482 1278 2522; x_wconf 86' lang='lat' dir='ltr'>Hermannus</span> <span class='ocrx_word' id='word_1_289' title='bbox 1307 2485 1473 2534; x_wconf 83' lang='grc' dir='ltr'>φρενῶν,</span> <span class='ocrx_word' id='word_1_290' title='bbox 1494 2481 1620 2537; x_wconf 86' lang='lat' dir='ltr'>idque</span> <span class='ocrx_word' id='word_1_291' title='bbox 1639 2481 1809 2522; x_wconf 87' lang='lat' dir='ltr'>fortasse</span> 
     </span>
     <span class='ocr_line' id='line_1_36' title="bbox 371 2545 1437 2601; baseline -0.001 -16"><span class='ocrx_word' id='word_1_292' title='bbox 371 2545 470 2601; x_wconf 83' lang='lat' dir='ltr'>legit</span> <span class='ocrx_word' id='word_1_293' title='bbox 491 2545 716 2595; x_wconf 87' lang='lat' dir='ltr'>scholiasta,</span> <span class='ocrx_word' id='word_1_294' title='bbox 737 2546 855 2601; x_wconf 86' lang='lat' dir='ltr'>cujus</span> <span class='ocrx_word' id='word_1_295' title='bbox 874 2545 996 2586; x_wconf 87' lang='lat' dir='ltr'>verba</span> <span class='ocrx_word' id='word_1_296' title='bbox 1017 2545 1137 2585; x_wconf 92' lang='lat' dir='ltr'>modo</span> <span class='ocrx_word' id='word_1_297' title='bbox 1156 2545 1437 2601; x_wconf 86' lang='lat' dir='ltr'>apposuimus.</span> 
     </span>
    </p>

    <p class='ocr_par' dir='ltr' id='par_1_12' title="bbox 371 2611 1807 2851">
     <span class='ocr_line' id='line_1_37' title="bbox 434 2611 1807 2668; baseline 0 -17"><span class='ocrx_word' id='word_1_298' title='bbox 434 2613 523 2652; x_wconf 87' lang='lat'>106.</span> <span class='ocrx_word' id='word_1_299' title='bbox 554 2611 578 2661; x_wconf 85' lang='grc' dir='ltr'>ἦ</span> <span class='ocrx_word' id='word_1_300' title='bbox 602 2614 736 2652; x_wconf 83' lang='grc' dir='ltr'>πολλὰ</span> <span class='ocrx_word' id='word_1_301' title='bbox 762 2612 852 2666; x_wconf 82' lang='grc' dir='ltr'>μὲν]</span> <span class='ocrx_word' id='word_1_302' title='bbox 883 2611 1085 2653; x_wconf 84' lang='lat' dir='ltr'>Sacrificia</span> <span class='ocrx_word' id='word_1_303' title='bbox 1113 2627 1208 2666; x_wconf 83' lang='lat' dir='ltr'>quae</span> <span class='ocrx_word' id='word_1_304' title='bbox 1238 2612 1562 2668; x_wconf 85' lang='lat' dir='ltr'>Clytaemnestrae</span> <span class='ocrx_word' id='word_1_305' title='bbox 1592 2612 1737 2651; x_wconf 84' lang='lat' dir='ltr'>umbra</span> <span class='ocrx_word' id='word_1_306' title='bbox 1765 2626 1807 2652; x_wconf 90' lang='lat' dir='ltr'>se</span> 
     </span>
     <span class='ocr_line' id='line_1_38' title="bbox 372 2676 1805 2732; baseline -0.001 -14"><span class='ocrx_word' id='word_1_307' title='bbox 372 2677 512 2718; x_wconf 88' lang='lat' dir='ltr'>Furiis</span> <span class='ocrx_word' id='word_1_308' title='bbox 539 2676 733 2718; x_wconf 89' lang='lat' dir='ltr'>obtulisse</span> <span class='ocrx_word' id='word_1_309' title='bbox 762 2686 969 2728; x_wconf 83' lang='lat' dir='ltr'>memorat,</span> <span class='ocrx_word' id='word_1_310' title='bbox 999 2677 1112 2717; x_wconf 89' lang='lat' dir='ltr'>haud</span> <span class='ocrx_word' id='word_1_311' title='bbox 1140 2677 1218 2717; x_wconf 87' lang='lat' dir='ltr'>alia</span> <span class='ocrx_word' id='word_1_312' title='bbox 1250 2677 1513 2732; x_wconf 83' lang='lat' dir='ltr'>intelligenda</span> <span class='ocrx_word' id='word_1_313' title='bbox 1543 2686 1652 2727; x_wconf 89' lang='lat' dir='ltr'>sunt,</span> <span class='ocrx_word' id='word_1_314' title='bbox 1681 2692 1805 2732; x_wconf 87' lang='lat' dir='ltr'>quam</span> 
     </span>
     <span class='ocr_line' id='line_1_39' title="bbox 371 2742 1806 2799; baseline -0.001 -15"><span class='ocrx_word' id='word_1_315' title='bbox 371 2758 466 2799; x_wconf 83' lang='lat' dir='ltr'>quae</span> <span class='ocrx_word' id='word_1_316' title='bbox 504 2754 596 2798; x_wconf 91' lang='lat' dir='ltr'>post</span> <span class='ocrx_word' id='word_1_317' title='bbox 627 2743 760 2784; x_wconf 84' lang='lat' dir='ltr'>mariti</span> <span class='ocrx_word' id='word_1_318' title='bbox 794 2744 944 2784; x_wconf 86' lang='lat' dir='ltr'>caedem</span> <span class='ocrx_word' id='word_1_319' title='bbox 977 2743 1030 2784; x_wconf 85' lang='lat' dir='ltr'>ad</span> <span class='ocrx_word' id='word_1_320' title='bbox 1059 2744 1319 2785; x_wconf 85' lang='lat' dir='ltr'>avertendam</span> <span class='ocrx_word' id='word_1_321' title='bbox 1356 2744 1576 2785; x_wconf 88' lang='lat' dir='ltr'>Furiarum</span> <span class='ocrx_word' id='word_1_322' title='bbox 1611 2742 1806 2784; x_wconf 86' lang='lat' dir='ltr'>ultionem</span> 
     </span>
     <span class='ocr_line' id='line_1_40' title="bbox 371 2810 700 2851; baseline -0.003 0"><span class='ocrx_word' id='word_1_323' title='bbox 371 2810 536 2851; x_wconf 84' lang='lat' dir='ltr'>fecerat.</span> <span class='ocrx_word' id='word_1_324' title='bbox 570 2810 700 2850; x_wconf 88' lang='lat' dir='ltr'>SCH.</span> 
     </span>
    </p>
   </div>
   <div class='ocr_carea' id='block_1_3' title="bbox 431 2874 1603 2931">
    <p class='ocr_par' dir='ltr' id='par_1_13' title="bbox 431 2874 1603 2931">
     <span class='ocr_line' id='line_1_41' title="bbox 431 2874 1603 2931; baseline -0.002 -15"><span class='ocrx_word' id='word_1_325' title='bbox 431 2885 521 2928; x_wconf 84' lang='lat'>107.</span> <span class='ocrx_word' id='word_1_326' title='bbox 543 2874 640 2928; x_wconf 86' lang='grc' dir='ltr'>χοάς</span> <span class='ocrx_word' id='word_1_327' title='bbox 657 2874 686 2915; x_wconf 83' lang='grc' dir='ltr'>τ’</span> <span class='ocrx_word' id='word_1_328' title='bbox 709 2875 876 2929; x_wconf 81' lang='grc' dir='ltr'>ἀοίνους]</span> <span class='ocrx_word' id='word_1_329' title='bbox 899 2874 1089 2930; x_wconf 85' lang='lat' dir='ltr'>Sophocl.</span> <span class='ocrx_word' id='word_1_330' title='bbox 1113 2875 1297 2931; x_wconf 89' lang='lat' dir='ltr'>OEdipus</span> <span class='ocrx_word' id='word_1_331' title='bbox 1318 2875 1409 2917; x_wconf 91' lang='lat' dir='ltr'>Col.</span> <span class='ocrx_word' id='word_1_332' title='bbox 1431 2891 1470 2917; x_wconf 78' lang='lat' dir='ltr'>v,</span> <span class='ocrx_word' id='word_1_333' title='bbox 1488 2888 1603 2916; x_wconf 88' lang='lat'>100.:</span> 
     </span>
    </p>
   </div>
  </div>
 </body>
</html>
