1962 3224
587 151 678 193 AD
708 151 1130 193 AGAMEMNON
1133 152 1245 194 EM.
1569 151 1653 193 381

182 277 297 305 mum
331 263 513 321 Longini
542 265 678 306 locum
710 262 909 304 indicavit
939 261 1165 313 Dobraeus,
1189 278 1230 303 π.
1259 263 1295 303 ὑ.
1334 262 1374 315 ξ.
1394 273 1465 313 44.
1501 261 1572 302 ubi
1602 261 1655 303 de

183 332 340 387 πλούτῳ
359 331 560 388 loquitur.
590 332 836 386 χρονίσαντα
861 332 904 372 δὲ
924 332 1047 371 ταῦτα
1067 331 1112 371 ἐν
1138 333 1221 373 τοῖς
1249 329 1369 382 βίοις,
1390 334 1653 371 νεοττοποιεῖ-

182 414 259 446 ται,
293 401 391 441 κατὰ
426 399 516 442 τοὺς
546 398 710 452 σοφοὺς,
747 399 811 439 καὶ
840 396 992 451 ταχέως
1022 398 1222 450 γενόμενα
1256 397 1356 450 πρὸς
1389 396 1653 445 τεκνοποιΐαν,

183 464 420 513 ἀλαζόνειάν
449 482 493 507 τε
522 468 709 519 γεννῶσι,
739 465 803 506 καὶ
836 466 977 517 τύφου,
1016 464 1079 505 καὶ
1110 463 1275 517 τρυφὴν,
1301 464 1348 505 οὗ
1379 465 1479 506 νόθα
1505 465 1655 506 ἑαυτῶν

181 531 420 584 γεννήματα,
455 533 564 574 ἀλλὰ
594 532 658 574 καὶ
687 531 791 574 πάνυ
822 531 984 586 γνήσια.
1016 533 1088 573 ἐὰν
1121 533 1163 573 δὲ
1200 532 1264 573 καὶ
1301 532 1460 575 τούτους
1492 549 1551 574 τις
1583 535 1653 572 τοῦ

180 600 354 641 πλούτου
385 600 475 644 τοὺς
505 601 691 654 ἐκγόνους
722 601 777 643 εἷς
805 600 964 651 ἡλικίαν
990 601 1127 641 ἐλθεῖν
1148 601 1261 651 ἐάσῃ,
1284 599 1437 654 ταχέως
1457 601 1655 644 δεσπότας

180 671 268 711 ταῖς
295 671 450 722 ψυχαῖς
480 669 723 709 ἐντίκτουσιν
749 666 1050 720 ἀπαραιτήτους,
1071 669 1202 721 ὕβριν,
1226 667 1289 709 καὶ
1308 669 1559 722 παρανομίαν
1590 669 1654 709 καὶ

181 734 480 790 ἀναισχυντίαν.
513 735 585 777 ubi
607 735 701 777 vide
723 734 927 777 Tollium.
961 737 1195 778 BLOMF.

241 805 337 859 756.
358 805 464 854 οἰζύν
485 803 696 846 Pauwius.
729 804 836 853 ὀϊζύν
856 803 996 860 vulgo.

239 881 337 927 759.
367 874 444 926 γὰρ
474 872 690 927 δυσσεβὲς]
718 871 1100 929 Transponendum
1132 886 1227 913 cum
1262 872 1435 914 Pauwio
1455 874 1655 925 δυσσεβὲς

182 939 273 993 γάρ.

241 1009 335 1063 760.
357 1009 472 1065 μετὰ]
494 1011 654 1052 Postea.

240 1078 336 1131 761.
358 1076 389 1118 δ’
412 1077 471 1130 ἄρ’
494 1077 780 1119 Casaubonus.
812 1080 890 1131 γὰρ
911 1077 1016 1120 libri.

239 1145 336 1198 762.
357 1145 424 1186 ἀεί
442 1146 668 1186 Porsonus.
700 1146 782 1187 αἰεί
800 1146 938 1202 vulgo.

240 1213 483 1268 763—765.
503 1213 546 1253 in
568 1228 700 1254 unum
721 1228 887 1254 versum
907 1213 1190 1270 conjungendi
1212 1214 1452 1270 pariterque
1478 1215 1521 1255 in
1546 1215 1652 1256 anti-

179 1280 365 1337 stropho.

239 1351 337 1403 764.
367 1350 482 1404 ὕβρις
504 1352 660 1391 παλαιὰ
685 1360 747 1392 est
768 1356 888 1392 vetus
907 1350 1087 1406 injuria,
1111 1365 1141 1391 s.
1163 1350 1382 1392 insolentis
1398 1351 1653 1406 petulantiae

175 1418 364 1474 primum
375 1418 579 1473 filei-nus,
602 1433 689 1474 quo
718 1417 814 1474 quis
842 1417 969 1459 alium
998 1417 1115 1459 laesit.
1178 1418 1247 1459 Ita
1273 1417 1314 1459 in
1350 1418 1503 1459 Paride
1537 1420 1653 1472 ὕβρις

177 1487 332 1527 παλαιὰ
351 1494 439 1526 erat
459 1486 636 1527 Helenae
665 1495 826 1542 raptus,
848 1494 890 1527 et
914 1485 1024 1542 juris
1053 1485 1237 1542 hospitii,
1259 1502 1346 1543 quo
1375 1502 1472 1528 eum
1501 1488 1651 1529 Mene-

177 1552 269 1595 laus
288 1561 523 1610 exceperat,
545 1553 725 1595 violatio.
760 1555 893 1596 SCH.

236 1621 430 1671 νεάζουσα
458 1623 588 1675 ὕβρις,
619 1637 730 1664 nova
760 1623 944 1678 injuria,
981 1621 1131 1663 veteris
1161 1621 1280 1678 quasi
1314 1621 1400 1663 filia
1426 1638 1458 1664 s.
1494 1639 1545 1664 ex
1581 1624 1654 1665 illa

177 1704 426 1746 erumpens;
457 1699 505 1732 ut
527 1690 646 1732 Paris
665 1691 858 1747 injuriam
880 1691 1027 1732 alienae
1044 1689 1186 1732 uxoris
1205 1690 1379 1742 abactae,
1397 1690 1507 1732 bello
1526 1691 1649 1733 etiam

177 1756 332 1813 injusto
360 1757 413 1798 ad
444 1768 610 1814 raptum
643 1758 849 1800 tuendum
877 1769 1011 1815 gesto,
1033 1758 1212 1814 ideoque
1243 1767 1421 1800 veterem
1453 1759 1649 1815 injuriam

178 1841 287 1867 nova
306 1825 458 1882 injuria
479 1826 745 1869 defendebat.
780 1829 915 1869 SCH.

238 1895 336 1948 766.
368 1894 550 1935 Locutio
577 1894 655 1935 τότ’
680 1894 704 1947 ἢ
735 1894 812 1937 τότ’
835 1894 944 1936 valet
973 1895 1217 1951 aliquando.
1264 1893 1419 1950 Eurip.
1442 1893 1651 1936 Androm.

179 1962 276 2016 853.
308 1961 506 2015 ξυμφοραὶ
527 1961 715 2014 θεήλατοι
745 1967 883 2005 Πᾶσιν
911 1967 1122 2016 βροτοῖσιν
1154 1961 1179 2014 ἢ
1214 1961 1292 2004 τότ’
1322 1962 1466 2014 ἦλθον,
1496 1962 1520 2015 ἢ
1548 1964 1651 2004 τότε.

178 2030 415 2071 BLOMF.

236 2096 313 2139 εὖτ’
334 2097 384 2139 ἂν
405 2099 688 2139 Hermannus.
722 2099 819 2139 ὅταν
839 2097 948 2140 libri.

235 2166 280 2207 τὸ
303 2165 450 2221 κύριον]
472 2166 692 2208 Statutum
713 2172 887 2222 tempus.
920 2166 1155 2207 BLOMF.

237 2237 333 2289 767.
366 2236 489 2288 νεαρὰ
518 2233 646 2288 φάους
678 2234 809 2289 κότον]
844 2233 992 2275 Lectio
1024 2233 1183 2276 vitiosa.
1236 2235 1340 2276 Post
1367 2234 1495 2288 φάους
1522 2235 1651 2277 inter-

177 2311 385 2359 punctum
404 2302 447 2344 in
469 2303 536 2343 Fl.
559 2303 616 2343 T.

238 2373 334 2426 769.
369 2370 457 2426 τὸν]
494 2369 769 2412 Scribendum
801 2372 875 2412 τᾶν
910 2385 1006 2411 cum
1045 2371 1307 2412 Hermanno.
1368 2372 1479 2412 Nam
1515 2372 1654 2414 verbis

178 2440 345 2491 δαίμονα
364 2456 408 2480 τε
427 2441 501 2481 τᾶν
521 2439 562 2480 in
582 2438 844 2495 antistropho
863 2438 1115 2495 respondent
1135 2441 1285 2492 ὄμμασι
1306 2440 1479 2481 λιποῦσ’.
1528 2441 1650 2482 Cete-

177 2522 272 2548 rum
301 2521 446 2548 versus
475 2521 558 2548 non
587 2506 749 2562 integer
778 2515 854 2547 est.
886 2506 1044 2560 ἄμαχον
1074 2506 1194 2562 ejecit
1219 2506 1464 2558 Triclinius‚
1496 2508 1566 2549 sed
1598 2508 1652 2550 ad

178 2576 384 2626 ἀπόλεμον
403 2574 609 2631 glossema
626 2573 859 2630 adscripsit,
880 2574 951 2615 τὸν
971 2575 1145 2628 ἄμαχον,
1169 2575 1258 2616 ἀντὶ
1276 2578 1380 2627 μιᾶς.

240 2653 337 2697 770.
366 2643 525 2695 ἀνίερον
554 2651 598 2684 et
626 2641 669 2683 in
697 2641 958 2698 antistropho
992 2643 1088 2695 780.
1120 2644 1286 2695 δύναμιν
1321 2643 1368 2684 οὗ
1401 2643 1452 2684 ad
1485 2658 1651 2684 versum

178 2710 483 2768 praecedentem
510 2710 743 2761 referenda,
769 2700 844 2766 qui
874 2710 1061 2751 trimeter
1090 2709 1292 2752 iambicus
1312 2723 1387 2751 est.
1451 2710 1655 2752 Deleatur

178 2793 339 2820 comma
358 2787 455 2835 post
475 2777 621 2831 θράσος
639 2777 837 2834 positum.

238 2857 335 2902 774.
355 2846 608 2900 λάμπει-ἐν
629 2845 886 2903 δυσκάπνοις]
911 2847 1177 2902 Quamquam
1209 2845 1250 2886 in
1276 2846 1489 2902 justorum
1522 2847 1655 2889 homi-

178 2929 279 2966 num
309 2914 485 2967 aedibus,
515 2929 597 2956 non
628 2929 755 2961 aurea
785 2912 1004 2971 splendent
1041 2913 1266 2965 lacunaria,
1300 2914 1371 2956 sed
1405 2914 1546 2971 potius
1580 2931 1655 2972 pa-
