1962 3224
377 211 461 251 324,
849 209 936 250 AN
941 206 1341 250 NOTATIONES

378 317 465 359 drae
484 332 640 368 vocem,
660 317 713 359 ad
738 318 845 358 latus
871 331 991 358 suum
1019 332 1045 358 a
1072 316 1212 358 dolosa
1232 315 1546 372 Clytaemnestra
1573 314 1808 357 interfectae,

379 385 486 425 Haec
504 383 631 439 igitur
649 391 710 424 est
730 383 952 424 Homerica
973 383 1031 424 rei
1059 382 1250 431 narratio,
1271 396 1394 437 quam
1416 381 1642 438 AEschylus
1670 380 1811 422 multis

379 450 510 491 modis
528 450 772 492 immutavit.
831 450 1053 506 AEschylus
1072 450 1178 490 euim
1197 448 1426 504 Iphigeniae
1448 448 1686 489 mactatione
1707 447 1808 503 Cly-

378 524 665 565 taemnestram,
689 526 735 557 ut
754 516 943 557 maritum
967 515 1237 565 ulcisceretur,
1257 516 1460 556 incensam
1481 530 1566 555 esse
1590 513 1806 570 perhibet;

377 582 481 623 hanc
512 592 648 623 autem
679 582 860 623 fabulam
891 584 1100 623 Homerus
1133 597 1298 637 prorsus
1335 581 1507 637 ignorat.
1584 579 1810 636 AEschylus

376 649 698 704 Agamemnonis
727 649 903 690 reditum
933 649 985 690 ab
1014 648 1262 696 excubitore‚
1293 647 1360 689 cui
1391 648 1703 703 Clytaemnestra
1731 645 1810 687 hoc

374 716 583 771 negotium
604 716 794 765 dedisset,
814 715 1018 757 observari
1037 716 1178 771 fingit:
1218 717 1427 756 Homerus
1446 714 1499 755 ab
1520 713 1703 769 AEgisthi
1722 727 1810 769 spe-

373 784 555 823 culatore
587 782 761 837 pecunia
794 782 847 822 ad
881 796 970 823 eam
1003 797 1087 822 rem
1125 781 1338 823 conducto.
1398 781 1623 837 AEschylus
1655 779 1808 821 caedem

374 848 697 904 Agamemnonis
716 848 757 888 in
777 848 905 903 ipsius
925 848 1082 889 aedibus
1096 857 1368 903 perpetratam
1390 847 1580 897 ostendit,
1599 848 1809 887 Homerus

372 924 513 955 contra
541 915 583 955 in
613 914 797 969 AEgisthi
825 915 948 955 domo
978 915 1154 955 occisum
1187 929 1271 954 esse
1301 922 1452 955 narrat.
1511 913 1736 969 AEschylus
1766 913 1808 954 in

371 980 530 1031 balneo,
561 979 755 1035 singulari
784 980 965 1035 quodam
996 988 1295 1034 strategemate,
1327 979 1489 1020 indusio
1518 979 1667 1021 scillcet
1694 979 1808 1035 quod

370 1046 547 1087 manicas
575 1061 656 1086 non
684 1045 851 1086 baberet
879 1044 1081 1086 irretitum
1105 1044 1233 1100 ipsius
1254 1045 1580 1101 Clytaemnestrae
1599 1061 1722 1087 manu
1743 1062 1809 1087 oc-

369 1112 526 1164 cisum3
576 1113 787 1153 Homerus
823 1120 960 1152 autem
995 1111 1100 1152 inter
1130 1111 1364 1153 convivium
1398 1112 1451 1154 ab
1488 1112 1645 1155 delecta
1681 1127 1808 1154 manu

369 1188 618 1220 armatorum
657 1193 707 1220 ex
747 1177 902 1219 insidiis
940 1178 1263 1219 circumventum
1301 1194 1387 1220 esse
1424 1179 1536 1221 dicit.
1601 1179 1808 1221 Pindarus

370 1246 497 1302 Pyth.
518 1259 583 1295 11,
604 1246 670 1296 26,
693 1246 1044 1300 Agamemnonem
1065 1260 1090 1287 a
1110 1244 1424 1301 Clytaemnestra
1443 1246 1572 1302 Argis
1600 1261 1684 1288 una
1711 1262 1806 1288 cum

370 1311 600 1353 Cassandra
627 1312 884 1353 interfectum
915 1311 1078 1360 scribit;
1122 1321 1261 1353 utrum
1291 1327 1389 1353 vero
1416 1311 1520 1353 illud
1548 1313 1607 1354 ira
1636 1323 1807 1371 propter

368 1379 490 1420 filiam
512 1394 536 1420 a
554 1388 670 1435 patre
689 1378 936 1420 immolatam
956 1395 1135 1428 accensa,
1155 1395 1208 1422 an
1235 1379 1410 1422 adulteri
1437 1380 1600 1423 monitis
1625 1382 1806 1425 adducta

366 1446 521 1497 fecerit,
541 1445 583 1486 in
604 1446 732 1488 dubio
750 1446 958 1502 relinquit.

426 1514 596 1554 Scenam
616 1513 811 1555 dramatis
830 1513 959 1569 Argis
977 1528 1063 1555 esse
1082 1521 1177 1555 ante
1196 1513 1328 1570 regias
1347 1514 1672 1570 Agamemnonis
1697 1515 1806 1558 aedes

367 1579 593 1635 AEschylus
611 1580 698 1636 ipse
716 1579 864 1621 diserte
887 1579 1057 1622 notavit.
1116 1582 1184 1622 Ac
1214 1581 1444 1637 speculator
1468 1581 1536 1623 ille
1564 1582 1731 1638 quidem
1760 1582 1804 1624 in

366 1655 473 1688 tecto
491 1646 632 1703 palatii
651 1646 915 1688 excubiarum
933 1662 1055 1688 causa
1073 1647 1321 1690 constitutus
1346 1658 1448 1690 erat.
1508 1648 1673 1690 Chorus
1692 1664 1802 1701 vero,

364 1712 615 1768 reliquaeque
651 1728 836 1769 personae
873 1713 915 1754 in
948 1713 1083 1770 platea
1121 1730 1153 1756 s.
1193 1730 1288 1756 area
1327 1724 1422 1757 ante
1460 1716 1567 1772 regis
1605 1715 1804 1772 palatium

364 1789 501 1836 partes
521 1794 613 1820 suas
630 1780 819 1835 agebant.

419 1846 546 1888 Actio
564 1855 699 1888 autem
720 1846 873 1888 fabulae
899 1848 1101 1889 matutino
1126 1848 1207 1890 diei
1234 1857 1417 1905 tempore
1438 1849 1609 1906 incipit;
1641 1850 1755 1906 quod
1780 1866 1804 1892 e

363 1929 401 1957 v.
425 1924 493 1969 25.
513 1914 731 1971 colligitur,
753 1914 824 1956 ubi
845 1915 1075 1972 speculator
1095 1931 1136 1957 se
1154 1916 1338 1972 reginam
1366 1932 1389 1958 e
1415 1931 1557 1958 somno
1579 1917 1802 1959 excitatum

362 1981 421 2022 ire
441 1981 631 2023 declarat.

420 2048 722 2104 Speculatorem
742 2047 874 2099 illum,
895 2048 968 2104 qui
987 2047 1205 2105 prologum
1224 2049 1324 2106 agit,
1347 2049 1671 2106 Agamemnonis
1691 2050 1804 2103 θερά-

360 2132 486 2157 ποντα
507 2115 632 2156 fuisse
652 2114 850 2170 significat
873 2116 1010 2157 Graeci
1038 2117 1270 2172 argumenti
1299 2116 1497 2172 scriptor;
1529 2117 1648 2173 cujus
1668 2117 1802 2158 verbis

360 2182 401 2223 in
423 2182 668 2237 quibusdam
690 2181 802 2222 libris
820 2181 1010 2223 additur:
1039 2183 1128 2236 οὐχὶ
1144 2184 1164 2223 ὁ
1181 2182 1257 2224 ἀπὸ
1274 2184 1463 2236 Αἰγίσθου
1478 2184 1636 2237 ταχθεὶς
1654 2185 1798 2236 φύλαξ.

363 2248 443 2289 Sed
463 2248 565 2304 ipse,
584 2263 660 2290 nec
678 2248 771 2304 quis
791 2248 854 2298 sit,
875 2263 949 2289 nec
968 2263 993 2289 a
1011 2264 1096 2304 quo
1121 2249 1257 2304 ignem
1283 2258 1356 2290 aut
1381 2249 1527 2300 facem,
1550 2258 1799 2306 expugnatae

362 2315 505 2371 Trojae
524 2314 713 2364 indicem,
733 2314 946 2355 observare
959 2314 1103 2370 jussus
1121 2314 1186 2364 sit,
1206 2324 1510 2357 commemorat.

415 2381 616 2432 Praeconi,
631 2390 679 2422 ut
694 2390 800 2422 recte
815 2380 1003 2422 observat
1025 2380 1241 2431 Stanleius,
1261 2382 1396 2423 Graeci
1411 2382 1642 2438 argumenti
1657 2391 1800 2425 auctor

358 2462 505 2489 nomen
535 2446 750 2503 Talthybii
780 2462 855 2488 suo
883 2447 1023 2489 Marte
1050 2447 1266 2504 apposuit;
1299 2464 1394 2490 nam
1418 2449 1529 2506 apud
1551 2449 1798 2505 AEschylum

357 2515 517 2556 nullum
548 2524 622 2556 est.
681 2515 740 2555 Et
769 2529 897 2570 quare
929 2514 1144 2571 Talthybii
1176 2514 1316 2571 potius
1342 2531 1469 2572 quam
1502 2516 1731 2573 Eurybatis
1761 2516 1798 2557 ei

357 2581 573 2632 affinxerit,
600 2581 800 2622 incertum
829 2591 901 2622 est.
961 2581 1094 2638 Apud
1127 2583 1321 2623 Senecam
1350 2582 1391 2623 in
1420 2584 1736 2639 Agamemnone
1763 2583 1799 2625 is

355 2648 539 2699 nuntius,
561 2647 632 2704 qui
657 2648 799 2704 Trojae
819 2647 1022 2690 excidium
1045 2659 1084 2691 et
1106 2649 1358 2691 Graecanicae
1378 2649 1514 2692 classis
1533 2651 1797 2707 naufragium

358 2714 683 2770 Clytaemnestrae
703 2714 868 2766 indicat,
889 2716 1126 2772 Eurybates
1145 2716 1307 2758 dicitur.
1353 2717 1539 2774 Uterque
1558 2727 1600 2759 et
1620 2717 1797 2774 Talthy-

354 2781 448 2823 bius
467 2791 508 2823 et
527 2782 762 2838 Eurybates
781 2797 988 2839 praecones
1003 2794 1118 2826 erant
1131 2784 1469 2841 Agamemnonis,
1485 2799 1659 2841 quorum
1681 2784 1796 2841 apud

356 2850 584 2889 Homerum
607 2849 737 2889 multa
758 2850 919 2891 mentio.

411 2917 604 2956 Ceterum
634 2915 676 2956 in
705 2915 797 2958 edd.
830 2917 966 2958 Turn.
993 2927 1033 2959 et
1060 2919 1203 2975 Steph.
1231 2918 1413 2974 personis
1442 2918 1568 2974 hujus
1597 2918 1793 2960 dramatis
