<?xml version="1.0" encoding="UTF-8"?>
<!DOCTYPE html PUBLIC "-//W3C//DTD XHTML 1.0 Transitional//EN"
    "http://www.w3.org/TR/xhtml1/DTD/xhtml1-transitional.dtd">
<html xmlns="http://www.w3.org/1999/xhtml" xml:lang="en" lang="en">
 <head>
  <title>
</title>
<meta http-equiv="Content-Type" content="text/html;charset=utf-8" />
  <meta name='ocr-system' content='tesseract 3.04.00' />
  <meta name='ocr-capabilities' content='ocr_page ocr_carea ocr_par ocr_line ocrx_word'/>
</head>
<body>
  <div class='ocr_page' id='page_1' title='image "./p2tragoediaesupe02aescuoft_0280.png"; bbox 0 0 1962 3224; ppageno 0'>
   <div class='ocr_carea' id='block_1_1' title="bbox 376 178 1340 225">
    <p class='ocr_par' dir='ltr' id='par_1_1' title="bbox 376 178 1340 225">
     <span class='ocr_line' id='line_1_1' title="bbox 376 178 1340 225; baseline 0.006 -6"><span class='ocrx_word' id='word_1_1' title='bbox 376 178 462 224; x_wconf 84' lang='lat'>596</span> <span class='ocrx_word' id='word_1_2' title='bbox 846 183 1340 225; x_wconf 90' lang='lat' dir='ltr'>ANNOTATIONES</span> 
     </span>
    </p>
   </div>
   <div class='ocr_carea' id='block_1_2' title="bbox 350 292 1809 2552">
    <p class='ocr_par' dir='ltr' id='par_1_2' title="bbox 357 292 1809 1951">
     <span class='ocr_line' id='line_1_2' title="bbox 377 292 1807 350; baseline 0.003 -20"><span class='ocrx_word' id='word_1_3' title='bbox 377 305 497 330; x_wconf 89' lang='lat' dir='ltr'>sauro</span> <span class='ocrx_word' id='word_1_4' title='bbox 517 305 591 331; x_wconf 90' lang='lat' dir='ltr'>suo</span> <span class='ocrx_word' id='word_1_5' title='bbox 613 300 748 332; x_wconf 89' lang='lat' dir='ltr'>monet</span> <span class='ocrx_word' id='word_1_6' title='bbox 769 292 828 332; x_wconf 94' lang='lat' dir='ltr'>H.</span> <span class='ocrx_word' id='word_1_7' title='bbox 852 292 1098 348; x_wconf 85' lang='lat' dir='ltr'>Stephanus,</span> <span class='ocrx_word' id='word_1_8' title='bbox 1124 293 1352 349; x_wconf 88' lang='lat' dir='ltr'>generalius</span> <span class='ocrx_word' id='word_1_9' title='bbox 1375 294 1540 350; x_wconf 87' lang='lat' dir='ltr'>ponitur</span> <span class='ocrx_word' id='word_1_10' title='bbox 1558 304 1599 335; x_wconf 86' lang='lat' dir='ltr'>et</span> <span class='ocrx_word' id='word_1_11' title='bbox 1616 294 1703 335; x_wconf 87' lang='lat' dir='ltr'>voci</span> <span class='ocrx_word' id='word_1_12' title='bbox 1723 294 1807 335; x_wconf 78' lang='lat' dir='ltr'>La-</span> 
     </span>
     <span class='ocr_line' id='line_1_3' title="bbox 376 357 1806 416; baseline 0.003 -19"><span class='ocrx_word' id='word_1_13' title='bbox 376 357 473 398; x_wconf 90' lang='lat' dir='ltr'>tinae</span> <span class='ocrx_word' id='word_1_14' title='bbox 487 359 722 412; x_wconf 74' lang='lat' dir='ltr'>finitimus,</span> <span class='ocrx_word' id='word_1_15' title='bbox 742 360 1029 410; x_wconf 69' lang='lat' dir='ltr'>conterminus,</span> <span class='ocrx_word' id='word_1_16' title='bbox 1056 360 1286 416; x_wconf 86' lang='lat' dir='ltr'><strong>respondet,</strong></span> <span class='ocrx_word' id='word_1_17' title='bbox 1307 376 1379 402; x_wconf 91' lang='lat' dir='ltr'>nec</span> <span class='ocrx_word' id='word_1_18' title='bbox 1398 361 1621 402; x_wconf 85' lang='lat' dir='ltr'>vicinarum</span> <span class='ocrx_word' id='word_1_19' title='bbox 1644 361 1806 402; x_wconf 87' lang='lat' dir='ltr'>urbium</span> 
     </span>
     <span class='ocr_line' id='line_1_4' title="bbox 376 424 1809 483; baseline 0.003 -20"><span class='ocrx_word' id='word_1_20' title='bbox 376 434 448 464; x_wconf 85' lang='lat' dir='ltr'>aut</span> <span class='ocrx_word' id='word_1_21' title='bbox 468 424 678 479; x_wconf 84' lang='lat' dir='ltr'>regionum</span> <span class='ocrx_word' id='word_1_22' title='bbox 702 440 821 465; x_wconf 88' lang='lat' dir='ltr'>unam</span> <span class='ocrx_word' id='word_1_23' title='bbox 844 425 970 466; x_wconf 88' lang='lat' dir='ltr'>altera</span> <span class='ocrx_word' id='word_1_24' title='bbox 989 427 1116 481; x_wconf 87' lang='lat' dir='ltr'>magis</span> <span class='ocrx_word' id='word_1_25' title='bbox 1142 426 1317 482; x_wconf 84' lang='lat' dir='ltr'><strong>respicit,</strong></span> <span class='ocrx_word' id='word_1_26' title='bbox 1337 438 1460 483; x_wconf 86' lang='lat' dir='ltr'>prout</span> <span class='ocrx_word' id='word_1_27' title='bbox 1479 443 1528 468; x_wconf 88' lang='lat' dir='ltr'>ex</span> <span class='ocrx_word' id='word_1_28' title='bbox 1561 427 1647 468; x_wconf 88' lang='lat' dir='ltr'>loco</span> <span class='ocrx_word' id='word_1_29' title='bbox 1666 428 1718 468; x_wconf 90' lang='lat' dir='ltr'>ab</span> <span class='ocrx_word' id='word_1_30' title='bbox 1738 427 1809 468; x_wconf 90' lang='lat' dir='ltr'>illo</span> 
     </span>
     <span class='ocr_line' id='line_1_5' title="bbox 375 490 1807 548; baseline 0.003 -17"><span class='ocrx_word' id='word_1_31' title='bbox 375 490 499 531; x_wconf 86' lang='lat' dir='ltr'>allato</span> <span class='ocrx_word' id='word_1_32' title='bbox 519 506 570 532; x_wconf 84' lang='lat' dir='ltr'>ex</span> <span class='ocrx_word' id='word_1_33' title='bbox 599 491 809 532; x_wconf 85' lang='lat' dir='ltr'>Plutarchi</span> <span class='ocrx_word' id='word_1_34' title='bbox 842 492 1021 533; x_wconf 87' lang='lat' dir='ltr'>Romulo</span> <span class='ocrx_word' id='word_1_35' title='bbox 1050 508 1089 548; x_wconf 92' lang='lat' dir='ltr'>p.</span> <span class='ocrx_word' id='word_1_36' title='bbox 1110 506 1178 548; x_wconf 81' lang='lat'>32.</span> <span class='ocrx_word' id='word_1_37' title='bbox 1198 494 1252 534; x_wconf 87' lang='lat' dir='ltr'>E.</span> <span class='ocrx_word' id='word_1_38' title='bbox 1277 493 1374 534; x_wconf 84' lang='lat' dir='ltr'>edit.</span> <span class='ocrx_word' id='word_1_39' title='bbox 1403 494 1528 535; x_wconf 89' lang='lat' dir='ltr'>Paris.</span> <span class='ocrx_word' id='word_1_40' title='bbox 1551 495 1807 547; x_wconf 70' lang='grc' dir='ltr'>ἀστυγείτονα</span> 
     </span>
     <span class='ocr_line' id='line_1_6' title="bbox 377 556 1805 614; baseline 0.001 -14"><span class='ocrx_word' id='word_1_41' title='bbox 377 560 442 608; x_wconf 81' lang='grc' dir='ltr'>τῆς</span> <span class='ocrx_word' id='word_1_42' title='bbox 467 556 614 609; x_wconf 84' lang='grc' dir='ltr'>Ῥώμης</span> <span class='ocrx_word' id='word_1_43' title='bbox 642 560 759 598; x_wconf 86' lang='grc' dir='ltr'>πόλιν</span> <span class='ocrx_word' id='word_1_44' title='bbox 779 558 989 599; x_wconf 86' lang='lat' dir='ltr'>manifeste</span> <span class='ocrx_word' id='word_1_45' title='bbox 1017 569 1145 614; x_wconf 88' lang='lat' dir='ltr'>patet.</span> <span class='ocrx_word' id='word_1_46' title='bbox 1206 560 1272 601; x_wconf 92' lang='lat' dir='ltr'>Ibi</span> <span class='ocrx_word' id='word_1_47' title='bbox 1292 561 1397 601; x_wconf 88' lang='lat' dir='ltr'>enim</span> <span class='ocrx_word' id='word_1_48' title='bbox 1419 562 1532 611; x_wconf 83' lang='grc' dir='ltr'>ἄστυ,</span> <span class='ocrx_word' id='word_1_49' title='bbox 1554 561 1585 602; x_wconf 91' lang='lat' dir='ltr'>si</span> <span class='ocrx_word' id='word_1_50' title='bbox 1611 561 1664 601; x_wconf 90' lang='lat' dir='ltr'>ad</span> <span class='ocrx_word' id='word_1_51' title='bbox 1683 562 1805 601; x_wconf 88' lang='lat' dir='ltr'>alter-</span> 
     </span>
     <span class='ocr_line' id='line_1_7' title="bbox 378 624 1806 681; baseline 0.003 -17"><span class='ocrx_word' id='word_1_52' title='bbox 378 634 531 674; x_wconf 83' lang='lat' dir='ltr'>utrum,</span> <span class='ocrx_word' id='word_1_53' title='bbox 559 624 609 664; x_wconf 88' lang='lat' dir='ltr'>ad</span> <span class='ocrx_word' id='word_1_54' title='bbox 632 625 806 664; x_wconf 86' lang='lat' dir='ltr'>Romam</span> <span class='ocrx_word' id='word_1_55' title='bbox 837 625 974 680; x_wconf 88' lang='lat' dir='ltr'>potius</span> <span class='ocrx_word' id='word_1_56' title='bbox 992 640 1114 681; x_wconf 89' lang='lat' dir='ltr'>quam</span> <span class='ocrx_word' id='word_1_57' title='bbox 1136 625 1187 666; x_wconf 92' lang='lat' dir='ltr'>ad</span> <span class='ocrx_word' id='word_1_58' title='bbox 1214 627 1332 667; x_wconf 87' lang='grc' dir='ltr'>πόλιν</span> <span class='ocrx_word' id='word_1_59' title='bbox 1362 627 1501 667; x_wconf 88' lang='lat' dir='ltr'>referri</span> <span class='ocrx_word' id='word_1_60' title='bbox 1528 627 1675 668; x_wconf 89' lang='lat' dir='ltr'>debere</span> <span class='ocrx_word' id='word_1_61' title='bbox 1709 627 1806 668; x_wconf 90' lang='lat' dir='ltr'>satis</span> 
     </span>
     <span class='ocr_line' id='line_1_8' title="bbox 374 691 1803 746; baseline 0.001 -14"><span class='ocrx_word' id='word_1_62' title='bbox 374 691 550 732; x_wconf 82' lang='lat' dir='ltr'>declarat</span> <span class='ocrx_word' id='word_1_63' title='bbox 570 691 657 746; x_wconf 90' lang='lat' dir='ltr'>ipsa</span> <span class='ocrx_word' id='word_1_64' title='bbox 675 691 867 732; x_wconf 80' lang='lat' dir='ltr'>orationis</span> <span class='ocrx_word' id='word_1_65' title='bbox 895 691 1063 735; x_wconf 83' lang='lat' dir='ltr'>indoles.</span> <span class='ocrx_word' id='word_1_66' title='bbox 1122 693 1233 733; x_wconf 91' lang='lat' dir='ltr'>Hinc</span> <span class='ocrx_word' id='word_1_67' title='bbox 1258 693 1377 733; x_wconf 87' lang='lat' dir='ltr'>etiam</span> <span class='ocrx_word' id='word_1_68' title='bbox 1408 708 1513 734; x_wconf 85' lang='lat' dir='ltr'>nova</span> <span class='ocrx_word' id='word_1_69' title='bbox 1532 694 1803 735; x_wconf 88' lang='lat' dir='ltr'>emendationi</span> 
     </span>
     <span class='ocr_line' id='line_1_9' title="bbox 375 757 1803 814; baseline 0.004 -17"><span class='ocrx_word' id='word_1_70' title='bbox 375 757 618 798; x_wconf 87' lang='lat' dir='ltr'>Stanleianae</span> <span class='ocrx_word' id='word_1_71' title='bbox 637 757 791 798; x_wconf 86' lang='lat' dir='ltr'>accedit</span> <span class='ocrx_word' id='word_1_72' title='bbox 810 758 1074 799; x_wconf 85' lang='lat' dir='ltr'>confirmatio.</span> <span class='ocrx_word' id='word_1_73' title='bbox 1123 760 1395 800; x_wconf 88' lang='lat' dir='ltr'>Accusativus</span> <span class='ocrx_word' id='word_1_74' title='bbox 1414 759 1518 800; x_wconf 87' lang='lat' dir='ltr'>enim</span> <span class='ocrx_word' id='word_1_75' title='bbox 1538 762 1663 814; x_wconf 88' lang='grc' dir='ltr'>χθόνα</span> <span class='ocrx_word' id='word_1_76' title='bbox 1683 770 1730 801; x_wconf 83' lang='lat' dir='ltr'>ut</span> <span class='ocrx_word' id='word_1_77' title='bbox 1749 761 1803 802; x_wconf 92' lang='lat' dir='ltr'>ab</span> 
     </span>
     <span class='ocr_line' id='line_1_10' title="bbox 373 824 1802 879; baseline 0.002 -14"><span class='ocrx_word' id='word_1_78' title='bbox 373 826 684 877; x_wconf 83' lang='grc' dir='ltr'>ἀστραβιζούσας</span> <span class='ocrx_word' id='word_1_79' title='bbox 711 824 887 879; x_wconf 84' lang='lat' dir='ltr'>pendeat</span> <span class='ocrx_word' id='word_1_80' title='bbox 915 839 1074 865; x_wconf 88' lang='lat' dir='ltr'>necesse</span> <span class='ocrx_word' id='word_1_81' title='bbox 1102 833 1176 874; x_wconf 87' lang='lat' dir='ltr'>est,</span> <span class='ocrx_word' id='word_1_82' title='bbox 1199 840 1290 866; x_wconf 90' lang='lat' dir='ltr'>cum</span> <span class='ocrx_word' id='word_1_83' title='bbox 1319 826 1490 866; x_wconf 90' lang='lat' dir='ltr'>verbum</span> <span class='ocrx_word' id='word_1_84' title='bbox 1521 828 1802 879; x_wconf 80' lang='grc' dir='ltr'>ἀστυγειτονεῖ-</span> 
     </span>
     <span class='ocr_line' id='line_1_11' title="bbox 373 891 1800 948; baseline 0.001 -16"><span class='ocrx_word' id='word_1_85' title='bbox 373 895 480 942; x_wconf 87' lang='grc' dir='ltr'>σθαι,</span> <span class='ocrx_word' id='word_1_86' title='bbox 512 891 543 931; x_wconf 91' lang='lat' dir='ltr'>si</span> <span class='ocrx_word' id='word_1_87' title='bbox 573 906 719 931; x_wconf 90' lang='lat' dir='ltr'>nomen</span> <span class='ocrx_word' id='word_1_88' title='bbox 739 891 851 946; x_wconf 92' lang='lat' dir='ltr'>quod</span> <span class='ocrx_word' id='word_1_89' title='bbox 880 891 1112 933; x_wconf 81' lang='lat' dir='ltr'><strong>immediate</strong></span> <span class='ocrx_word' id='word_1_90' title='bbox 1141 902 1254 946; x_wconf 88' lang='lat' dir='ltr'>regat</span> <span class='ocrx_word' id='word_1_91' title='bbox 1274 892 1503 948; x_wconf 86' lang='lat' dir='ltr'>subjicitur,</span> <span class='ocrx_word' id='word_1_92' title='bbox 1522 892 1674 944; x_wconf 87' lang='lat' dir='ltr'>dativo,</span> <span class='ocrx_word' id='word_1_93' title='bbox 1693 908 1800 934; x_wconf 91' lang='lat' dir='ltr'>nun-</span> 
     </span>
     <span class='ocr_line' id='line_1_12' title="bbox 371 957 1799 1014; baseline 0.002 -16"><span class='ocrx_word' id='word_1_94' title='bbox 371 973 494 1013; x_wconf 87' lang='lat' dir='ltr'>quam</span> <span class='ocrx_word' id='word_1_95' title='bbox 515 973 611 998; x_wconf 90' lang='lat' dir='ltr'>vero</span> <span class='ocrx_word' id='word_1_96' title='bbox 630 957 858 998; x_wconf 89' lang='lat' dir='ltr'>accusativo</span> <span class='ocrx_word' id='word_1_97' title='bbox 872 958 1084 1014; x_wconf 89' lang='lat' dir='ltr'>jungatur.</span> <span class='ocrx_word' id='word_1_98' title='bbox 1131 959 1198 999; x_wconf 90' lang='lat' dir='ltr'>Ita</span> <span class='ocrx_word' id='word_1_99' title='bbox 1213 958 1340 1014; x_wconf 87' lang='lat' dir='ltr'>igitur</span> <span class='ocrx_word' id='word_1_100' title='bbox 1358 968 1489 999; x_wconf 87' lang='lat' dir='ltr'>totum</span> <span class='ocrx_word' id='word_1_101' title='bbox 1510 959 1642 1000; x_wconf 90' lang='lat' dir='ltr'>locum</span> <span class='ocrx_word' id='word_1_102' title='bbox 1665 970 1799 1001; x_wconf 84' lang='lat' dir='ltr'>verte:</span> 
     </span>
     <span class='ocr_line' id='line_1_13' title="bbox 371 1025 1798 1083; baseline 0.003 -19"><span class='ocrx_word' id='word_1_103' title='bbox 371 1026 579 1080; x_wconf 71' lang='lat' dir='ltr'>Indusque</span> <span class='ocrx_word' id='word_1_104' title='bbox 607 1039 691 1066; x_wconf 73' lang='lat' dir='ltr'>esse</span> <span class='ocrx_word' id='word_1_105' title='bbox 718 1026 844 1066; x_wconf 76' lang='lat' dir='ltr'>audio</span> <span class='ocrx_word' id='word_1_106' title='bbox 863 1025 1075 1072; x_wconf 73' lang='lat' dir='ltr'>nomadas,</span> <span class='ocrx_word' id='word_1_107' title='bbox 1094 1039 1186 1080; x_wconf 86' lang='lat' dir='ltr'>quae</span> <span class='ocrx_word' id='word_1_108' title='bbox 1208 1026 1370 1066; x_wconf 74' lang='lat' dir='ltr'>camelis</span> <span class='ocrx_word' id='word_1_109' title='bbox 1398 1027 1588 1082; x_wconf 84' lang='lat' dir='ltr'>equinum</span> <span class='ocrx_word' id='word_1_110' title='bbox 1603 1041 1798 1083; x_wconf 74' lang='lat' dir='ltr'>gressum</span> 
     </span>
     <span class='ocr_line' id='line_1_14' title="bbox 368 1092 1799 1148; baseline 0.003 -18"><span class='ocrx_word' id='word_1_111' title='bbox 368 1092 606 1133; x_wconf 73' lang='lat' dir='ltr'><em>habentibus</em></span> <span class='ocrx_word' id='word_1_112' title='bbox 636 1098 759 1133; x_wconf 80' lang='lat' dir='ltr'>vectae</span> <span class='ocrx_word' id='word_1_113' title='bbox 779 1106 861 1147; x_wconf 82' lang='lat' dir='ltr'>per</span> <span class='ocrx_word' id='word_1_114' title='bbox 890 1098 1042 1132; x_wconf 82' lang='lat' dir='ltr'>terram</span> <span class='ocrx_word' id='word_1_115' title='bbox 1072 1093 1268 1148; x_wconf 75' lang='lat' dir='ltr'><em>equitant,</em></span> <span class='ocrx_word' id='word_1_116' title='bbox 1294 1093 1559 1148; x_wconf 71' lang='lat' dir='ltr'>AEthiopibus</span> <span class='ocrx_word' id='word_1_117' title='bbox 1586 1095 1799 1134; x_wconf 84' lang='lat' dir='ltr'>contermi-</span> 
     </span>
     <span class='ocr_line' id='line_1_15' title="bbox 368 1158 1799 1214; baseline 0.003 -17"><span class='ocrx_word' id='word_1_118' title='bbox 368 1172 458 1199; x_wconf 70' lang='lat' dir='ltr'>nas.</span> <span class='ocrx_word' id='word_1_119' title='bbox 513 1160 685 1199; x_wconf 89' lang='lat' dir='ltr'>Comma</span> <span class='ocrx_word' id='word_1_120' title='bbox 714 1158 884 1213; x_wconf 88' lang='lat' dir='ltr'>proinde</span> <span class='ocrx_word' id='word_1_121' title='bbox 917 1167 1008 1214; x_wconf 90' lang='lat' dir='ltr'>post</span> <span class='ocrx_word' id='word_1_122' title='bbox 1046 1160 1354 1211; x_wconf 83' lang='grc' dir='ltr'>ἀστραβιζούσας</span> <span class='ocrx_word' id='word_1_123' title='bbox 1385 1159 1606 1200; x_wconf 89' lang='lat' dir='ltr'>tollendum</span> <span class='ocrx_word' id='word_1_124' title='bbox 1648 1169 1722 1210; x_wconf 86' lang='lat' dir='ltr'>est,</span> <span class='ocrx_word' id='word_1_125' title='bbox 1757 1170 1799 1202; x_wconf 87' lang='lat' dir='ltr'>et</span> 
     </span>
     <span class='ocr_line' id='line_1_16' title="bbox 367 1224 1797 1282; baseline 0.001 -16"><span class='ocrx_word' id='word_1_126' title='bbox 367 1235 459 1281; x_wconf 89' lang='lat' dir='ltr'>post</span> <span class='ocrx_word' id='word_1_127' title='bbox 487 1227 614 1278; x_wconf 86' lang='grc' dir='ltr'>χθόνα</span> <span class='ocrx_word' id='word_1_128' title='bbox 642 1224 1013 1281; x_wconf 88' lang='lat' dir='ltr'>transponendum;</span> <span class='ocrx_word' id='word_1_129' title='bbox 1046 1226 1293 1278; x_wconf 80' lang='grc' dir='ltr'>ἀστραβίζειν</span> <span class='ocrx_word' id='word_1_130' title='bbox 1322 1240 1418 1266; x_wconf 91' lang='lat' dir='ltr'>vero</span> <span class='ocrx_word' id='word_1_131' title='bbox 1445 1225 1651 1267; x_wconf 81' lang='lat' dir='ltr'>transitive</span> <span class='ocrx_word' id='word_1_132' title='bbox 1674 1227 1797 1282; x_wconf 87' lang='lat' dir='ltr'>juxta</span> 
     </span>
     <span class='ocr_line' id='line_1_17' title="bbox 366 1291 1794 1348; baseline 0.001 -15"><span class='ocrx_word' id='word_1_133' title='bbox 366 1293 533 1333; x_wconf 89' lang='lat' dir='ltr'>eandem</span> <span class='ocrx_word' id='word_1_134' title='bbox 555 1308 638 1348; x_wconf 90' lang='lat' dir='ltr'>qua</span> <span class='ocrx_word' id='word_1_135' title='bbox 659 1292 889 1341; x_wconf 78' lang='grc' dir='ltr'>ἱππάζεσθαι</span> <span class='ocrx_word' id='word_1_136' title='bbox 907 1291 1131 1347; x_wconf 82' lang='lat' dir='ltr'>analogiam</span> <span class='ocrx_word' id='word_1_137' title='bbox 1147 1292 1356 1347; x_wconf 81' lang='lat' dir='ltr'>accipitur.</span> <span class='ocrx_word' id='word_1_138' title='bbox 1379 1293 1620 1334; x_wconf 86' lang='lat' dir='ltr'>HEATH.</span> <span class='ocrx_word' id='word_1_139' title='bbox 1655 1294 1794 1343; x_wconf 87' lang='lat' dir='ltr'>Quum</span> 
     </span>
     <span class='ocr_line' id='line_1_18' title="bbox 365 1359 1798 1416; baseline 0.001 -16"><span class='ocrx_word' id='word_1_140' title='bbox 365 1359 543 1412; x_wconf 85' lang='grc' dir='ltr'>ἀστράβη</span> <span class='ocrx_word' id='word_1_141' title='bbox 563 1359 710 1415; x_wconf 89' lang='lat' dir='ltr'>partim</span> <span class='ocrx_word' id='word_1_142' title='bbox 730 1360 899 1402; x_wconf 75' lang='lat' dir='ltr'>clitellas</span> <span class='ocrx_word' id='word_1_143' title='bbox 918 1359 1128 1414; x_wconf 85' lang='lat' dir='ltr'>significet,</span> <span class='ocrx_word' id='word_1_144' title='bbox 1143 1360 1292 1416; x_wconf 89' lang='lat' dir='ltr'>partim</span> <span class='ocrx_word' id='word_1_145' title='bbox 1312 1359 1430 1400; x_wconf 91' lang='lat' dir='ltr'>etiam</span> <span class='ocrx_word' id='word_1_146' title='bbox 1448 1361 1603 1401; x_wconf 86' lang='lat' dir='ltr'>mulum</span> <span class='ocrx_word' id='word_1_147' title='bbox 1616 1362 1798 1402; x_wconf 67' lang='lat' dir='ltr'>sarcinis</span> 
     </span>
     <span class='ocr_line' id='line_1_19' title="bbox 364 1426 1794 1484; baseline 0.001 -17"><span class='ocrx_word' id='word_1_148' title='bbox 364 1433 572 1476; x_wconf 73' lang='lat' dir='ltr'>onustum,</span> <span class='ocrx_word' id='word_1_149' title='bbox 593 1428 659 1467; x_wconf 91' lang='lat' dir='ltr'>cui</span> <span class='ocrx_word' id='word_1_150' title='bbox 681 1426 840 1468; x_wconf 74' lang='lat' dir='ltr'>clitellae</span> <span class='ocrx_word' id='word_1_151' title='bbox 860 1427 1141 1483; x_wconf 86' lang='lat' dir='ltr'>imponuntur,</span> <span class='ocrx_word' id='word_1_152' title='bbox 1163 1429 1410 1481; x_wconf 82' lang='grc' dir='ltr'>ἀστραβίζειν</span> <span class='ocrx_word' id='word_1_153' title='bbox 1440 1428 1601 1484; x_wconf 81' lang='lat' dir='ltr'>proprie</span> <span class='ocrx_word' id='word_1_154' title='bbox 1624 1438 1698 1479; x_wconf 90' lang='lat' dir='ltr'>est,</span> <span class='ocrx_word' id='word_1_155' title='bbox 1712 1430 1794 1484; x_wconf 82' lang='lat' dir='ltr'>ju-</span> 
     </span>
     <span class='ocr_line' id='line_1_20' title="bbox 363 1494 1792 1547; baseline 0.002 -14"><span class='ocrx_word' id='word_1_156' title='bbox 363 1500 496 1534; x_wconf 86' lang='lat' dir='ltr'>mento</span> <span class='ocrx_word' id='word_1_157' title='bbox 514 1495 693 1535; x_wconf 74' lang='lat' dir='ltr'>sarcinis</span> <span class='ocrx_word' id='word_1_158' title='bbox 711 1500 855 1534; x_wconf 72' lang='lat' dir='ltr'>onusto</span> <span class='ocrx_word' id='word_1_159' title='bbox 886 1495 991 1545; x_wconf 78' lang='lat' dir='ltr'><em>vehi,</em></span> <span class='ocrx_word' id='word_1_160' title='bbox 1010 1503 1051 1535; x_wconf 78' lang='lat' dir='ltr'>et</span> <span class='ocrx_word' id='word_1_161' title='bbox 1077 1494 1263 1545; x_wconf 84' lang='grc' dir='ltr'>καμήλοις</span> <span class='ocrx_word' id='word_1_162' title='bbox 1286 1496 1588 1547; x_wconf 84' lang='grc' dir='ltr'>ἀστραβιζούσαι</span> <span class='ocrx_word' id='word_1_163' title='bbox 1607 1495 1671 1536; x_wconf 87' lang='lat' dir='ltr'>vel</span> <span class='ocrx_word' id='word_1_164' title='bbox 1699 1495 1792 1536; x_wconf 88' lang='lat' dir='ltr'>sim-</span> 
     </span>
     <span class='ocr_line' id='line_1_21' title="bbox 361 1560 1795 1617; baseline 0.002 -17"><span class='ocrx_word' id='word_1_165' title='bbox 361 1560 518 1616; x_wconf 85' lang='lat' dir='ltr'>pliciter</span> <span class='ocrx_word' id='word_1_166' title='bbox 538 1569 652 1601; x_wconf 84' lang='lat' dir='ltr'>notat</span> <span class='ocrx_word' id='word_1_167' title='bbox 665 1562 827 1602; x_wconf 72' lang='lat' dir='ltr'>onustis</span> <span class='ocrx_word' id='word_1_168' title='bbox 846 1562 1008 1602; x_wconf 79' lang='lat' dir='ltr'>camelis</span> <span class='ocrx_word' id='word_1_169' title='bbox 1028 1567 1149 1602; x_wconf 81' lang='lat' dir='ltr'><em>vectae</em></span> <span class='ocrx_word' id='word_1_170' title='bbox 1177 1576 1209 1602; x_wconf 90' lang='lat' dir='ltr'>s.</span> <span class='ocrx_word' id='word_1_171' title='bbox 1231 1563 1517 1617; x_wconf 72' lang='lat' dir='ltr'><em>inequitantes,</em></span> <span class='ocrx_word' id='word_1_172' title='bbox 1537 1563 1601 1602; x_wconf 84' lang='lat' dir='ltr'>vel</span> <span class='ocrx_word' id='word_1_173' title='bbox 1629 1563 1795 1604; x_wconf 67' lang='lat' dir='ltr'>camelis</span> 
     </span>
     <span class='ocr_line' id='line_1_22' title="bbox 359 1628 1790 1684; baseline 0.001 -16"><span class='ocrx_word' id='word_1_174' title='bbox 359 1629 419 1668; x_wconf 72' lang='lat' dir='ltr'>sie</span> <span class='ocrx_word' id='word_1_175' title='bbox 437 1629 724 1683; x_wconf 71' lang='lat' dir='ltr'><em>inequitantes,</em></span> <span class='ocrx_word' id='word_1_176' title='bbox 744 1634 791 1668; x_wconf 83' lang='lat' dir='ltr'>nt</span> <span class='ocrx_word' id='word_1_177' title='bbox 809 1628 903 1668; x_wconf 70' lang='lat' dir='ltr'>aliae</span> <span class='ocrx_word' id='word_1_178' title='bbox 915 1634 1060 1684; x_wconf 75' lang='lat' dir='ltr'>gentes</span> <span class='ocrx_word' id='word_1_179' title='bbox 1079 1629 1214 1669; x_wconf 75' lang='lat' dir='ltr'>mulis.</span> <span class='ocrx_word' id='word_1_180' title='bbox 1246 1628 1325 1668; x_wconf 85' lang='lat' dir='ltr'>Sed</span> <span class='ocrx_word' id='word_1_181' title='bbox 1348 1629 1659 1680; x_wconf 80' lang='grc' dir='ltr'>ἀστραβιζούσας</span> <span class='ocrx_word' id='word_1_182' title='bbox 1678 1639 1790 1669; x_wconf 88' lang='lat' dir='ltr'>tran-</span> 
     </span>
     <span class='ocr_line' id='line_1_23' title="bbox 359 1694 1792 1749; baseline 0.001 -14"><span class='ocrx_word' id='word_1_183' title='bbox 359 1694 475 1735; x_wconf 85' lang='lat' dir='ltr'>sitive</span> <span class='ocrx_word' id='word_1_184' title='bbox 494 1710 587 1735; x_wconf 90' lang='lat' dir='ltr'>cum</span> <span class='ocrx_word' id='word_1_185' title='bbox 608 1696 734 1748; x_wconf 82' lang='grc' dir='ltr'>χθόνα</span> <span class='ocrx_word' id='word_1_186' title='bbox 752 1704 984 1735; x_wconf 88' lang='lat' dir='ltr'>construere</span> <span class='ocrx_word' id='word_1_187' title='bbox 1012 1694 1163 1741; x_wconf 87' lang='lat' dir='ltr'>nolim;</span> <span class='ocrx_word' id='word_1_188' title='bbox 1195 1694 1380 1749; x_wconf 90' lang='lat' dir='ltr'>quamvis</span> <span class='ocrx_word' id='word_1_189' title='bbox 1409 1694 1529 1735; x_wconf 88' lang='lat' dir='ltr'>etiam</span> <span class='ocrx_word' id='word_1_190' title='bbox 1560 1695 1792 1737; x_wconf 82' lang='lat' dir='ltr'>scholiastes</span> 
     </span>
     <span class='ocr_line' id='line_1_24' title="bbox 358 1760 1788 1817; baseline 0.001 -15"><span class='ocrx_word' id='word_1_191' title='bbox 358 1762 414 1802; x_wconf 91' lang='lat' dir='ltr'>ita</span> <span class='ocrx_word' id='word_1_192' title='bbox 434 1761 656 1817; x_wconf 87' lang='lat' dir='ltr'>acceperit:</span> <span class='ocrx_word' id='word_1_193' title='bbox 688 1762 872 1813; x_wconf 85' lang='grc' dir='ltr'>καμήλοις</span> <span class='ocrx_word' id='word_1_194' title='bbox 901 1760 1258 1813; x_wconf 84' lang='grc' dir='ltr'>νωτοφορουμέναις</span> <span class='ocrx_word' id='word_1_195' title='bbox 1287 1763 1383 1802; x_wconf 77' lang='grc' dir='ltr'>κατὰ</span> <span class='ocrx_word' id='word_1_196' title='bbox 1401 1761 1471 1812; x_wconf 81' lang='grc' dir='ltr'>τὴν</span> <span class='ocrx_word' id='word_1_197' title='bbox 1490 1763 1628 1815; x_wconf 88' lang='grc' dir='ltr'>χθόνα.</span> <span class='ocrx_word' id='word_1_198' title='bbox 1675 1763 1788 1803; x_wconf 75' lang='lat' dir='ltr'>Prae-</span> 
     </span>
     <span class='ocr_line' id='line_1_25' title="bbox 358 1827 1787 1882; baseline 0 -12"><span class='ocrx_word' id='word_1_199' title='bbox 358 1838 436 1870; x_wconf 89' lang='lat' dir='ltr'>stat</span> <span class='ocrx_word' id='word_1_200' title='bbox 456 1830 582 1882; x_wconf 85' lang='grc' dir='ltr'>χθόνα</span> <span class='ocrx_word' id='word_1_201' title='bbox 601 1843 694 1870; x_wconf 92' lang='lat' dir='ltr'>cum</span> <span class='ocrx_word' id='word_1_202' title='bbox 716 1827 1110 1880; x_wconf 83' lang='grc' dir='ltr'>ἀστυγειτονουμένας</span> <span class='ocrx_word' id='word_1_203' title='bbox 1132 1827 1332 1882; x_wconf 86' lang='lat' dir='ltr'>jungere;</span> <span class='ocrx_word' id='word_1_204' title='bbox 1365 1827 1394 1868; x_wconf 89' lang='lat' dir='ltr'>si</span> <span class='ocrx_word' id='word_1_205' title='bbox 1425 1828 1678 1870; x_wconf 83' lang='lat' dir='ltr'>accusativus</span> <span class='ocrx_word' id='word_1_206' title='bbox 1706 1844 1787 1870; x_wconf 89' lang='lat' dir='ltr'>non</span> 
     </span>
     <span class='ocr_line' id='line_1_26' title="bbox 357 1895 1399 1951; baseline -0.001 -15"><span class='ocrx_word' id='word_1_207' title='bbox 357 1896 529 1951; x_wconf 85' lang='lat' dir='ltr'>placeat,</span> <span class='ocrx_word' id='word_1_208' title='bbox 550 1896 663 1949; x_wconf 87' lang='grc' dir='ltr'>χθονὶ</span> <span class='ocrx_word' id='word_1_209' title='bbox 681 1895 721 1935; x_wconf 92' lang='lat' dir='ltr'>in</span> <span class='ocrx_word' id='word_1_210' title='bbox 743 1903 906 1950; x_wconf 86' lang='lat' dir='ltr'>promtu</span> <span class='ocrx_word' id='word_1_211' title='bbox 929 1903 989 1934; x_wconf 87' lang='lat' dir='ltr'>est</span> <span class='ocrx_word' id='word_1_212' title='bbox 1008 1895 1236 1934; x_wconf 85' lang='lat' dir='ltr'>emendare.</span> <span class='ocrx_word' id='word_1_213' title='bbox 1269 1895 1399 1935; x_wconf 84' lang='lat' dir='ltr'>SCH.</span> 
     </span>
    </p>

    <p class='ocr_par' dir='ltr' id='par_1_3' title="bbox 414 1960 1561 2016">
     <span class='ocr_line' id='line_1_27' title="bbox 414 1960 1561 2016; baseline -0.002 -11"><span class='ocrx_word' id='word_1_214' title='bbox 414 1964 509 2016; x_wconf 83' lang='lat'>287.</span> <span class='ocrx_word' id='word_1_215' title='bbox 530 1962 758 2016; x_wconf 82' lang='grc' dir='ltr'>ἀνάνδρους]</span> <span class='ocrx_word' id='word_1_216' title='bbox 782 1961 972 2002; x_wconf 79' lang='lat' dir='ltr'>Virorum</span> <span class='ocrx_word' id='word_1_217' title='bbox 993 1960 1285 2002; x_wconf 88' lang='lat' dir='ltr'>consuetudine</span> <span class='ocrx_word' id='word_1_218' title='bbox 1304 1961 1561 2003; x_wconf 83' lang='lat' dir='ltr'>abstinentes.</span> 
     </span>
    </p>

    <p class='ocr_par' dir='ltr' id='par_1_4' title="bbox 350 2027 1785 2217">
     <span class='ocr_line' id='line_1_28' title="bbox 413 2027 1784 2082; baseline 0 -12"><span class='ocrx_word' id='word_1_219' title='bbox 413 2030 643 2082; x_wconf 88' lang='grc' dir='ltr'>κρεοβότους</span> <span class='ocrx_word' id='word_1_220' title='bbox 667 2027 883 2069; x_wconf 84' lang='lat' dir='ltr'>Stanleius.</span> <span class='ocrx_word' id='word_1_221' title='bbox 924 2029 1178 2080; x_wconf 86' lang='grc' dir='ltr'>κρεοβρότους</span> <span class='ocrx_word' id='word_1_222' title='bbox 1207 2027 1310 2068; x_wconf 88' lang='lat' dir='ltr'>libri.</span> <span class='ocrx_word' id='word_1_223' title='bbox 1360 2027 1468 2069; x_wconf 87' lang='lat' dir='ltr'>Aliis</span> <span class='ocrx_word' id='word_1_224' title='bbox 1479 2029 1647 2070; x_wconf 86' lang='lat' dir='ltr'>fortasse</span> <span class='ocrx_word' id='word_1_225' title='bbox 1676 2046 1784 2082; x_wconf 90' lang='grc' dir='ltr'>κρεο-</span> 
     </span>
     <span class='ocr_line' id='line_1_29' title="bbox 352 2094 1785 2182; baseline 0 -45"><span class='ocrx_word' id='word_1_226' title='bbox 352 2097 494 2148; x_wconf 88' lang='grc' dir='ltr'>βόρους</span> <span class='ocrx_word' id='word_1_227' title='bbox 523 2094 712 2151; x_wconf 86' lang='lat' dir='ltr'>placebit,</span> <span class='ocrx_word' id='word_1_228' title='bbox 743 2094 853 2150; x_wconf 93' lang='lat' dir='ltr'>quod</span> <span class='ocrx_word' id='word_1_229' title='bbox 888 2094 1059 2150; x_wconf 85' lang='lat' dir='ltr'>conjecit</span> <span class='ocrx_word' id='word_1_230' title='bbox 1089 2109 1317 2182; x_wconf 85' lang='lat' dir='ltr'>anonymus</span> <span class='ocrx_word' id='word_1_231' title='bbox 1345 2095 1456 2151; x_wconf 83' lang='lat' dir='ltr'>apud</span> <span class='ocrx_word' id='word_1_232' title='bbox 1492 2095 1707 2137; x_wconf 89' lang='lat' dir='ltr'>Butlerum</span> <span class='ocrx_word' id='word_1_233' title='bbox 1744 2106 1785 2137; x_wconf 89' lang='lat' dir='ltr'>et</span> 
     </span>
     <span class='ocr_line' id='line_1_30' title="bbox 350 2161 953 2217; baseline -0.002 -13"><span class='ocrx_word' id='word_1_234' title='bbox 350 2162 584 2204; x_wconf 87' lang='lat' dir='ltr'>Lobeckius</span> <span class='ocrx_word' id='word_1_235' title='bbox 604 2161 780 2217; x_wconf 89' lang='lat' dir='ltr'>Paralip.</span> <span class='ocrx_word' id='word_1_236' title='bbox 800 2177 841 2217; x_wconf 89' lang='lat' dir='ltr'>p.</span> <span class='ocrx_word' id='word_1_237' title='bbox 860 2162 953 2204; x_wconf 84' lang='lat'>260.</span> 
     </span>
    </p>

    <p class='ocr_par' dir='ltr' id='par_1_5' title="bbox 409 2229 955 2285">
     <span class='ocr_line' id='line_1_31' title="bbox 409 2229 955 2285; baseline -0.004 -13"><span class='ocrx_word' id='word_1_238' title='bbox 409 2230 503 2273; x_wconf 81' lang='lat'>288.</span> <span class='ocrx_word' id='word_1_239' title='bbox 522 2229 667 2285; x_wconf 86' lang='grc' dir='ltr'>ᾔκασα]</span> <span class='ocrx_word' id='word_1_240' title='bbox 689 2231 827 2270; x_wconf 77' lang='grc' dir='ltr'>εἴκασα</span> <span class='ocrx_word' id='word_1_241' title='bbox 846 2229 955 2270; x_wconf 89' lang='lat' dir='ltr'>Rob.</span> 
     </span>
    </p>

    <p class='ocr_par' dir='ltr' id='par_1_6' title="bbox 407 2295 1021 2352">
     <span class='ocr_line' id='line_1_32' title="bbox 407 2295 1021 2352; baseline -0.005 -14"><span class='ocrx_word' id='word_1_242' title='bbox 407 2298 501 2352; x_wconf 84' lang='lat'>289.</span> <span class='ocrx_word' id='word_1_243' title='bbox 523 2296 554 2337; x_wconf 91' lang='grc' dir='ltr'>δ’</span> <span class='ocrx_word' id='word_1_244' title='bbox 575 2296 732 2336; x_wconf 89' lang='lat' dir='ltr'>addidit</span> <span class='ocrx_word' id='word_1_245' title='bbox 753 2295 1021 2336; x_wconf 89' lang='lat' dir='ltr'>Abreschius.</span> 
     </span>
    </p>

    <p class='ocr_par' dir='ltr' id='par_1_7' title="bbox 407 2360 1378 2419">
     <span class='ocr_line' id='line_1_33' title="bbox 407 2360 1378 2419; baseline -0.004 -15"><span class='ocrx_word' id='word_1_246' title='bbox 407 2376 502 2419; x_wconf 89' lang='lat'>290.</span> <span class='ocrx_word' id='word_1_247' title='bbox 522 2362 723 2416; x_wconf 83' lang='grc' dir='ltr'>Ἀργεῖον]</span> <span class='ocrx_word' id='word_1_248' title='bbox 745 2361 936 2414; x_wconf 84' lang='grc' dir='ltr'>Ἀργείων</span> <span class='ocrx_word' id='word_1_249' title='bbox 956 2360 1097 2402; x_wconf 89' lang='lat' dir='ltr'>Guelf.</span> <span class='ocrx_word' id='word_1_250' title='bbox 1118 2360 1220 2401; x_wconf 88' lang='lat' dir='ltr'>Ald.</span> <span class='ocrx_word' id='word_1_251' title='bbox 1243 2361 1378 2401; x_wconf 91' lang='lat' dir='ltr'>Turn.</span> 
     </span>
    </p>

    <p class='ocr_par' dir='ltr' id='par_1_8' title="bbox 404 2427 1286 2486">
     <span class='ocr_line' id='line_1_34' title="bbox 404 2427 1286 2486; baseline -0.005 -15"><span class='ocrx_word' id='word_1_252' title='bbox 404 2431 639 2486; x_wconf 78' lang='lat'>291—338.</span> <span class='ocrx_word' id='word_1_253' title='bbox 661 2431 934 2470; x_wconf 84' lang='lat' dir='ltr'>Personarum</span> <span class='ocrx_word' id='word_1_254' title='bbox 955 2437 1071 2469; x_wconf 86' lang='lat' dir='ltr'>notas</span> <span class='ocrx_word' id='word_1_255' title='bbox 1089 2442 1171 2469; x_wconf 93' lang='lat' dir='ltr'>om.</span> <span class='ocrx_word' id='word_1_256' title='bbox 1192 2427 1286 2468; x_wconf 91' lang='lat' dir='ltr'>Ald.</span> 
     </span>
    </p>

    <p class='ocr_par' dir='ltr' id='par_1_9' title="bbox 404 2492 1778 2552">
     <span class='ocr_line' id='line_1_35' title="bbox 404 2492 1778 2552; baseline 0 -15"><span class='ocrx_word' id='word_1_257' title='bbox 404 2511 501 2552; x_wconf 83' lang='lat'>291.</span> <span class='ocrx_word' id='word_1_258' title='bbox 522 2496 612 2551; x_wconf 89' lang='grc' dir='ltr'>Χο.]</span> <span class='ocrx_word' id='word_1_259' title='bbox 634 2500 733 2536; x_wconf 90' lang='grc' dir='ltr'>Δαν.</span> <span class='ocrx_word' id='word_1_260' title='bbox 758 2496 802 2550; x_wconf 89' lang='lat' dir='ltr'>(i.</span> <span class='ocrx_word' id='word_1_261' title='bbox 823 2511 859 2535; x_wconf 89' lang='lat' dir='ltr'>e.</span> <span class='ocrx_word' id='word_1_262' title='bbox 882 2494 1094 2547; x_wconf 79' lang='grc' dir='ltr'>Δαναΐδες)</span> <span class='ocrx_word' id='word_1_263' title='bbox 1117 2493 1228 2534; x_wconf 90' lang='lat' dir='ltr'>Rob.</span> <span class='ocrx_word' id='word_1_264' title='bbox 1262 2497 1332 2534; x_wconf 90' lang='grc' dir='ltr'>Κο.</span> <span class='ocrx_word' id='word_1_265' title='bbox 1355 2492 1398 2547; x_wconf 87' lang='lat' dir='ltr'>(i.</span> <span class='ocrx_word' id='word_1_266' title='bbox 1420 2508 1455 2534; x_wconf 89' lang='lat' dir='ltr'>e.</span> <span class='ocrx_word' id='word_1_267' title='bbox 1478 2494 1618 2548; x_wconf 91' lang='grc' dir='ltr'>Κόραι)</span> <span class='ocrx_word' id='word_1_268' title='bbox 1642 2496 1778 2537; x_wconf 89' lang='lat' dir='ltr'>Turn.</span> 
     </span>
    </p>
   </div>
   <div class='ocr_carea' id='block_1_3' title="bbox 343 2565 1778 2821">
    <p class='ocr_par' dir='ltr' id='par_1_10' title="bbox 343 2565 1778 2821">
     <span class='ocr_line' id='line_1_36' title="bbox 346 2565 1778 2687; baseline -0.003 -14"><span class='ocrx_word' id='word_1_269' title='bbox 346 2565 498 2687; x_wconf 42' lang='lat' dir='ltr'>&amp;egbi-</span> <span class='ocrx_word' id='word_1_270' title='bbox 529 2629 608 2686; x_wconf 83' lang='grc' dir='ltr'>τῇδ’</span> <span class='ocrx_word' id='word_1_271' title='bbox 630 2631 673 2671; x_wconf 79' lang='grc' dir='ltr'>ἐν</span> <span class='ocrx_word' id='word_1_272' title='bbox 695 2629 803 2671; x_wconf 86' lang='lat' dir='ltr'>Rob.</span> <span class='ocrx_word' id='word_1_273' title='bbox 823 2644 874 2669; x_wconf 80' lang='lat' dir='ltr'>ex</span> <span class='ocrx_word' id='word_1_274' title='bbox 895 2628 1128 2683; x_wconf 84' lang='lat' dir='ltr'>conjectura</span> <span class='ocrx_word' id='word_1_275' title='bbox 1156 2627 1366 2682; x_wconf 88' lang='lat' dir='ltr'>Sophiani,</span> <span class='ocrx_word' id='word_1_276' title='bbox 1388 2628 1522 2668; x_wconf 90' lang='lat' dir='ltr'>Turn.</span> <span class='ocrx_word' id='word_1_277' title='bbox 1547 2628 1689 2683; x_wconf 90' lang='lat' dir='ltr'>Steph.</span> <span class='ocrx_word' id='word_1_278' title='bbox 1733 2633 1778 2681; x_wconf 83' lang='grc' dir='ltr'>τῇ</span> 
     </span>
     <span class='ocr_line' id='line_1_37' title="bbox 343 2694 1578 2742; baseline -0.006 0"><span class='ocrx_word' id='word_1_279' title='bbox 343 2703 440 2742; x_wconf 79' lang='grc' dir='ltr'>ἰδεῖν</span> <span class='ocrx_word' id='word_1_280' title='bbox 460 2699 525 2740; x_wconf 84' lang='grc' dir='ltr'>Μ.</span> <span class='ocrx_word' id='word_1_281' title='bbox 550 2696 692 2738; x_wconf 86' lang='lat' dir='ltr'>Guelf.</span> <span class='ocrx_word' id='word_1_282' title='bbox 712 2696 813 2737; x_wconf 92' lang='lat' dir='ltr'>Ald.</span> <span class='ocrx_word' id='word_1_283' title='bbox 832 2706 872 2736; x_wconf 89' lang='lat' dir='ltr'>et</span> <span class='ocrx_word' id='word_1_284' title='bbox 892 2695 1020 2736; x_wconf 87' lang='lat' dir='ltr'>codex</span> <span class='ocrx_word' id='word_1_285' title='bbox 1042 2694 1284 2736; x_wconf 86' lang='lat' dir='ltr'>Robortelli.</span> <span class='ocrx_word' id='word_1_286' title='bbox 1315 2726 1324 2735; x_wconf 92' lang='lat'>.</span> <span class='ocrx_word' id='word_1_287' title='bbox 1344 2727 1353 2735; x_wconf 96' lang='lat'>.</span> <span class='ocrx_word' id='word_1_288' title='bbox 1367 2697 1464 2736; x_wconf 87' lang='grc' dir='ltr'>ιδεῖν</span> <span class='ocrx_word' id='word_1_289' title='bbox 1483 2695 1578 2735; x_wconf 87' lang='lat' dir='ltr'>Par.</span> 
     </span>
     <span class='ocr_line' id='line_1_38' title="bbox 399 2761 1778 2821; baseline -0.004 -13"><span class='ocrx_word' id='word_1_290' title='bbox 399 2780 494 2821; x_wconf 86' lang='lat'>293.</span> <span class='ocrx_word' id='word_1_291' title='bbox 515 2767 726 2806; x_wconf 88' lang='lat' dir='ltr'>Lacunam</span> <span class='ocrx_word' id='word_1_292' title='bbox 747 2773 839 2818; x_wconf 86' lang='lat' dir='ltr'>post</span> <span class='ocrx_word' id='word_1_293' title='bbox 859 2763 968 2803; x_wconf 92' lang='lat' dir='ltr'>hunc</span> <span class='ocrx_word' id='word_1_294' title='bbox 988 2776 1148 2803; x_wconf 89' lang='lat' dir='ltr'>versum</span> <span class='ocrx_word' id='word_1_295' title='bbox 1169 2771 1380 2817; x_wconf 84' lang='lat' dir='ltr'>praeeunte</span> <span class='ocrx_word' id='word_1_296' title='bbox 1399 2762 1606 2802; x_wconf 89' lang='lat' dir='ltr'>Pearsono</span> <span class='ocrx_word' id='word_1_297' title='bbox 1625 2761 1778 2803; x_wconf 87' lang='lat' dir='ltr'>indica-</span> 
     </span>
    </p>
   </div>
   <div class='ocr_carea' id='block_1_4' title="bbox 339 2827 1774 2956">
    <p class='ocr_par' dir='ltr' id='par_1_11' title="bbox 339 2827 1774 2956">
     <span class='ocr_line' id='line_1_39' title="bbox 340 2827 1774 2885; baseline -0.003 -10"><span class='ocrx_word' id='word_1_298' title='bbox 340 2835 399 2875; x_wconf 90' lang='lat' dir='ltr'>vit</span> <span class='ocrx_word' id='word_1_299' title='bbox 434 2835 662 2874; x_wconf 88' lang='lat' dir='ltr'>Porsonus:</span> <span class='ocrx_word' id='word_1_300' title='bbox 698 2839 817 2880; x_wconf 84' lang='lat' dir='ltr'>recte,</span> <span class='ocrx_word' id='word_1_301' title='bbox 853 2829 930 2870; x_wconf 86' lang='lat' dir='ltr'>nisi</span> <span class='ocrx_word' id='word_1_302' title='bbox 969 2827 1221 2885; x_wconf 87' lang='lat' dir='ltr'>aposiopesin</span> <span class='ocrx_word' id='word_1_303' title='bbox 1262 2837 1438 2869; x_wconf 89' lang='lat' dir='ltr'>statuere</span> <span class='ocrx_word' id='word_1_304' title='bbox 1475 2828 1647 2883; x_wconf 88' lang='lat' dir='ltr'>placeat,</span> <span class='ocrx_word' id='word_1_305' title='bbox 1678 2841 1774 2884; x_wconf 84' lang='lat' dir='ltr'>quae</span> 
     </span>
     <span class='ocr_line' id='line_1_40' title="bbox 339 2897 842 2956; baseline -0.012 -13"><span class='ocrx_word' id='word_1_306' title='bbox 339 2902 461 2943; x_wconf 87' lang='lat' dir='ltr'>habet</span> <span class='ocrx_word' id='word_1_307' title='bbox 480 2915 565 2956; x_wconf 89' lang='lat' dir='ltr'>quo</span> <span class='ocrx_word' id='word_1_308' title='bbox 584 2897 842 2940; x_wconf 87' lang='lat' dir='ltr'>defendatur.</span> 
     </span>
    </p>
   </div>
  </div>
 </body>
</html>
