1962 3224
369 208 454 249 334
838 207 923 247 AN
928 206 968 247 N
972 206 1168 247 ΟΤΑΤΙ
1175 205 1255 246 ΟΝ
1259 205 1329 245 Es

371 329 468 356 vero
486 313 744 356 falsissimum
774 323 846 356 est.
906 313 1175 355 Philochorus
1203 327 1268 368 ap.
1296 311 1417 353 schol.
1441 311 1565 367 Soph.
1588 310 1690 352 OEd.
1712 309 1804 355 col.

376 394 468 422 101.
489 380 541 422 de
560 380 796 436 hujusmodi
817 379 937 421 sacris
956 394 1094 434 agens,
1115 378 1304 420 describit
1319 379 1364 419 οὗ
1382 376 1504 430 μόνον
1524 378 1658 420 θυσίας
1683 383 1806 429 νηφα-

371 448 492 494 λίους,
514 448 619 488 ἀλλὰ
639 447 700 487 καὶ
722 447 820 496 ξύλα
839 448 936 495 τινὰ,
961 445 1021 498 ἐφ’
1045 447 1098 487 ὧν
1119 446 1261 486 ἔκαιον.
1325 446 1375 485 In
1397 445 1575 484 Eumen.
1593 445 1686 484 106.
1710 442 1808 498 Cly-

371 522 604 555 taemnestra
633 512 701 563 ait,
734 512 988 553 Eumenidas
1019 511 1280 567 compellans,
1309 511 1366 552 'H
1396 513 1529 552 πολλὰ
1555 512 1628 562 μὲν
1658 510 1702 560 δὴ
1731 514 1807 550 τῶν

373 581 475 632 ἐμῶν
506 580 679 630 ἐλείξατε
714 577 821 621 Χοάς
851 578 881 619 τ’
911 580 1076 628 ἀοίνους,
1113 577 1286 631 νηφάλια
1319 579 1564 629 μειλίγματα,
1595 577 1671 617 Καὶ
1702 576 1807 616 νυκτὶ

372 647 499 697 σεμνὰ
519 644 638 686 δεῖπν’
662 644 719 686 ἐπ’
743 643 892 699 ἐσχάρᾳ
911 645 1028 698 πυρὸς
1047 644 1264 686 Ἔθυον-.
1326 645 1461 693 Quare
1491 643 1567 684 hoc
1597 642 1805 698 epitheton

372 712 426 753 ad
463 712 611 752 Furias
649 711 758 751 haud
793 711 979 766 pertinet.
1040 712 1166 751 Forte
1198 710 1440 751 vertendum
1472 719 1533 750 est
1566 709 1806 764 templorum

370 778 587 832 sacrificiis
606 779 846 827 carentium,
868 793 962 833 quae
983 777 1099 818 Paris
1119 777 1375 832 neglexeram
1408 790 1500 817 nam
1530 775 1727 816 sententia
1752 775 1806 815 ad

373 843 526 884 Parida
553 843 750 898 respicere
780 843 955 884 videtur.
987 843 1168 899 Hesych.
1200 843 1380 895 Ἀπύρου.
1413 844 1567 884 ἀθύτου.
1600 845 1807 895 Σοφοκλῆς

372 914 539 952 Μυσοῖς.
571 910 738 951 Pindar.
770 910 833 951 Ol.
862 921 902 961 7,
923 911 987 950 88.
1019 914 1157 960 τεῦξαν
1186 909 1216 950 δ’
1248 911 1407 961 ἀπύροις
1437 910 1553 962 ἱεροῖς
1578 908 1730 952 Ἀλσος
1763 910 1806 949 ἐν

371 976 591 1029 ἀκροπόλει,
614 976 665 1017 de
686 976 874 1017 Heliadis
893 977 965 1032 qui
985 977 1100 1018 obliti
1127 987 1242 1018 erant
1270 976 1404 1032 ignem
1435 976 1487 1016 ad
1518 991 1629 1016 sacra
1657 990 1804 1031 appor-

371 1052 468 1084 tare.
500 1043 728 1084 BLOMF.
758 1047 848 1084 Τῶν
869 1047 1030 1096 Μοιρῶν
1050 1045 1112 1085 καὶ
1137 1048 1214 1085 τῶν
1238 1044 1428 1096 Ἐρινύων
1447 1042 1550 1083 dixit
1581 1042 1805 1084 scholiasta.

373 1108 643 1149 Manifestum
664 1118 722 1150 est
745 1109 974 1164 Iphigeniae
996 1110 1303 1165 intelligendum
1332 1109 1569 1150 sacrificium
1597 1124 1697 1161 esse,
1719 1123 1804 1149 mo-

372 1175 544 1230 nuitque
588 1175 887 1230 Bambergerus
934 1176 974 1216 in
1020 1176 1357 1218 commentatione
1405 1176 1457 1216 de
1493 1177 1807 1231 Agamemnone

373 1240 616 1296 Brunsvigae
635 1241 744 1282 edita
763 1256 800 1282 a.
827 1242 900 1295 183
905 1255 943 1296 5.

431 1318 500 1360 71.
521 1307 773 1361 παραθέλξει]
800 1308 1012 1359 ΝΙιιΖι-εόἱι,
1033 1315 1072 1350 et
1094 1323 1145 1349 ex·
1171 1311 1380 1365 proposito
1404 1308 1594 1348 devertet.
1625 1322 1672 1348 ea
1701 1307 1806 1348 enim

374 1382 434 1415 est
464 1373 526 1415 vis
557 1374 853 1429 praepositionis
883 1375 1001 1427 παρά.
1059 1375 1219 1416 Eodem
1250 1390 1367 1416 sensu
1395 1373 1544 1430 Eurip.
1577 1374 1694 1415 Med.
1717 1388 1806 1426 144.

374 1440 694 1493 Παρθαλπομένα
713 1441 839 1493 φρένα
864 1442 1008 1492 μύθοις.
1042 1443 1263 1483 BLOMF.
1324 1441 1656 1497 Comparandum
1687 1458 1808 1493 παρα-

376 1508 539 1554 σαίνειν,
561 1507 673 1562 quod
696 1507 901 1548 Seidlerus
922 1509 1035 1549 Pers.
1059 1510 1127 1562 96.
1147 1508 1336 1550 restituit.

433 1583 498 1626 72.
521 1574 630 1628 ἀτίτᾳ
650 1574 756 1614 Rob.
783 1574 925 1629 Steph.
958 1575 1086 1616 ἀτιταῖ
1104 1574 1246 1616 Guelf.
1278 1575 1401 1615 ἀτιταὶ
1424 1575 1478 1614 Τ.
1539 1573 1808 1615 Scribendum

375 1640 500 1681 ἀτίται
521 1654 613 1680 cum
635 1639 703 1681 Fl.
725 1639 824 1681 Ald.
843 1642 978 1682 Turn.
1003 1646 1028 1666 “
1042 1642 1150 1693 ἡμεῖς
1166 1640 1196 1683 δ’
1218 1642 1342 1682 ἀτίται
1362 1641 1561 1696 significat
1581 1655 1654 1681 nos
1674 1647 1811 1682 autem

375 1706 497 1746 illoesi
514 1722 527 1751 ‚·
566 1715 612 1747 ut
633 1707 653 1746 ὁ
670 1708 915 1759 ματροφόνος
934 1708 1065 1750 ἀτίτας
1085 1709 1210 1748 Eum.
1232 1722 1271 1748 V.
1295 1709 1389 1761 256.
1409 1716 1469 1748 est
1488 1708 1708 1747 matricida
1727 1709 1809 1747 im-

373 1773 514 1828 punis.
541 1772 653 1824 σαρκὶ
672 1775 821 1826 παλαιᾷ
838 1774 1153 1814 construendum
1176 1782 1236 1815 est
1256 1788 1348 1814 cum
1370 1773 1634 1828 sequentibus
1649 1777 1714 1824 τῆς
1733 1773 1808 1814 τότ’

377 1839 529 1891 ἀρωγῆς
553 1839 871 1892 ὑπολειφθέντες,
892 1840 969 1881 hoc
994 1855 1135 1882 sensu:
1167 1855 1241 1881 nos
1260 1846 1394 1881 autem
1413 1841 1532 1881 illcesi
1551 1847 1672 1896 atque
1690 1847 1811 1882 eoetra

376 1905 469 1945 belli
489 1906 723 1960 periculum
747 1907 970 1955 constituti,
993 1913 1164 1962 propter
1186 1913 1426 1948 senectutem
1452 1908 1634 1962 corporis
1663 1909 1708 1947 in
1737 1908 1812 1948 illa

378 1973 634 2027 expeditione
652 1972 761 2013 domi
781 1973 926 2022 relicti,
948 1975 1196 2014 manemus.”
1229 1975 1356 2014 SCH.
1418 1974 1710 2029 Interpretatio
1738 1989 1811 2029 pa-

378 2051 470 2077 rum
499 2037 730 2093 probabilis.
790 2039 964 2080 Rectius
988 2039 1054 2080 alii
1078 2041 1343 2081 inhonoratos
1363 2040 1662 2082 intellexerunt.
1693 2041 1814 2082 ἄτιτοι

381 2104 661 2145 Blomfieldus.

438 2181 504 2230 75.
544 2171 770 2225 σκήπτροις]
809 2172 996 2213 Βαειιῖὶς.
1056 2172 1332 2214 Callimachus
1370 2173 1519 2229 Epigr.
1550 2187 1586 2225 1,
1622 2185 1659 2226 7.
1698 2182 1814 2214 vocat

379 2238 567 2285 σκίπωνα,
588 2238 811 2290 γεροντικὸν
832 2239 970 2280 ὅπλον.
991 2247 1032 2279 et
1053 2240 1219 2294 Fragm.
1240 2239 1335 2290 484.
1358 2239 1584 2291 σκηπάνιον,
1607 2240 1628 2280 ὃ
1650 2240 1695 2291 δὴ
1715 2239 1814 2282 πέλε

379 2303 521 2357 γήραος
549 2304 660 2358 ὀκχή.
721 2305 913 2346 Cratinus
941 2305 982 2346 in
1014 2307 1160 2357 Νόμοις
1187 2321 1253 2362 ap.
1282 2306 1426 2346 Lexic.
1450 2306 1632 2362 Seguier.
1655 2322 1694 2362 p.
1715 2316 1812 2361 371.

378 2369 444 2412 ed.
476 2370 650 2412 Bekker.
677 2370 738 2412 *H
767 2375 986 2423 πρεσβῦται
1015 2372 1117 2414 πάνυ
1146 2372 1346 2426 γηραλέοι,
1378 2372 1628 2426 σκήπτροισιν
1662 2374 1815 2414 ἄκασκα

378 2440 616 2489 προβῶντες.
650 2438 878 2480 BLOMF.

437 2503 507 2556 76.
528 2504 551 2543 ὅ
569 2504 631 2560 τε]
654 2504 720 2546 ὅτε
739 2503 844 2546 libri.
904 2504 1057 2547 Divisit
1079 2505 1295 2547 stanleius.

376 2612 379 2613 γ
435 2568 600 2624 μυελὸς]
619 2571 780 2612 Robur.

437 2643 503 2689 77.
534 2634 737 2692 ἀνᾴσσων]
767 2637 860 2678 Iota
885 2636 1160 2694 subscriptum
1188 2636 1231 2678 in
1260 2636 1373 2677 libris
1401 2637 1453 2678 de
1483 2652 1593 2678 more
1622 2637 1814 2678 omissum

379 2700 530 2757 adjecit
550 2703 830 2744 Hermannus.

438 2768 504 2820 78.
528 2767 668 2823 Ἀρης]
691 2770 882 2812 Martius
909 2771 1043 2827 vigor.
1104 2769 1282 2818 Chorus,
1301 2784 1430 2826 quum
1450 2769 1617 2810 dixisset
1637 2783 1678 2809 se
1699 2767 1816 2821 ἰσχὺν

380 2834 564 2876 ἰσόπαιδα
582 2834 714 2887 νέμειν
733 2836 797 2877 ἐπὶ
817 2836 1035 2890 σκήπτροις,
1057 2836 1296 2879 sententiam
1316 2836 1519 2891 explicare
1543 2835 1679 2891 pergit
1703 2834 1815 2876 hunc

378 2898 421 2941 in
441 2900 830 2958 modum—Quippe
848 2903 1077 2958 infantium
1096 2903 1224 2949 robwr
1241 2908 1420 2946 extremo
1437 2903 1551 2945 senio
1571 2902 1811 2958 aequipotlet,
