1962 3224
638 135 728 177 AD
761 133 1119 176 SUPPLICES.
1530 133 1614 174 581

154 243 278 286 ἐστίν.
331 243 392 287 *H
413 246 546 289 οὕτως·
579 245 644 287 καὶ
663 249 746 288 τοῖς
763 244 839 287 ὑπὸ
860 243 1038 296 πολέμου
1058 242 1296 296 τειρομένοις
1321 244 1384 285 καὶ
1405 244 1616 297 τετραμμέ-

153 325 236 355 νοις
267 313 321 356 εἷς
349 312 481 366 φυγὴν
500 314 522 354 ὁ
541 312 679 365 βωμὸς
706 311 831 366 Ἀρης
861 313 985 354 ἐστίν·
1015 313 1239 366 ὑπερμαχεῖ
1269 313 1346 364 γὰρ
1381 312 1520 362 αὐτῶν,
1553 314 1616 354 καὶ

152 378 267 421 οὐδὲν
289 380 491 435 πάσχουσι
521 382 585 423 διὰ
613 381 658 422 τὸ
689 381 816 433 σέβας
843 384 921 422 τῶν
948 383 1062 422 θεῶν.
1123 380 1193 420 Ex
1223 379 1360 435 priore
1388 379 1617 422 scholiastae

151 444 487 503 interpretatione
526 449 712 505 suspicor
746 463 840 490 eum
882 447 1028 503 legisse
1060 448 1165 499 ἄτης,
1201 462 1277 504 per
1311 447 1474 500 βλάβης
1506 448 1614 489 enim

152 513 343 570 explicat,
360 515 401 556 in
417 517 642 572 posteriore
650 515 775 570 Ἀρης
788 516 900 573 legit.
934 515 1108 558 Grotius
1124 516 1231 569 ἆρῆς.
1248 516 1472 557 STANL.
1506 517 1614 569 ἀρῆς,

151 582 265 637 quod
291 583 387 637 ἀρᾶς
415 584 695 636 scribendum,
718 586 856 627 Turn.
878 584 1007 626 edidit
1029 598 1186 625 memor
1204 584 1379 625 fortasse
1400 585 1616 627 Homerici

150 657 192 690 et
231 650 432 694 Hesiodei
482 654 578 707 ἀρῆς
616 655 805 707 ἀλκτῆρα,
840 652 955 709 quod
995 651 1251 708 comparavit
1291 652 1615 710 Bambergerus.

150 716 440 774 Ἀρειφυγάσιν
460 721 654 764 Bothius.
683 720 935 775 Ἀρηφυγάσι
955 719 1142 762 voluerat
1164 720 1388 763 Heathius.

207 786 376 844 φυγάσι]
398 789 576 842 φυγάσιν
596 791 662 832 Μ.
682 800 805 833 recte.

210 854 277 910 85.
310 858 346 897 εἷ
367 858 451 908 θείη
474 858 572 901 Διὸς
596 859 638 900 εὖ
658 857 909 914 παναληθῶς]
931 859 1086 898 Versus
1115 868 1352 914 corruptus.
1397 859 1518 911 εἰθείη
1550 860 1614 901 Μ.

151 922 256 964 Ald.
288 925 400 967 Rob.
430 926 699 982 conjunctim,
723 926 839 983 quod
867 936 908 968 et
940 927 975 967 εἰ
1005 926 1090 977 θείη
1119 934 1160 966 et
1185 925 1267 981 {eio’
1298 928 1356 978 εἵη
1387 925 1617 983 significare

148 1002 296 1047 potest.

209 1061 276 1103 86.
296 1063 394 1107 Διὸς
422 1062 739 1118 ἵμερος-λαοῖς]
760 1063 884 1104 Jov-is
904 1062 1121 1103 consilium
1143 1061 1258 1103 haud
1287 1062 1333 1102 in
1361 1069 1532 1118 promtu
1556 1069 1618 1104 est

148 1130 388 1185 conjectura
410 1132 647 1189 indagaroe
681 1132 814 1172 nihilo
841 1132 976 1172 secius
1004 1130 1064 1179 id,
1087 1131 1213 1171 etiam
1244 1130 1423 1171 tenebris
1452 1131 1618 1172 involu-

150 1200 253 1248 tum,
272 1198 422 1255 ubique
439 1200 626 1256 rffnlget
643 1214 735 1240 cum
763 1205 862 1240 atra
873 1200 1076 1255 fortunoe
1105 1203 1344 1254 tempestate
1373 1199 1617 1240 mortalium

143 1266 356 1321 gentibus.
418 1267 686 1324 Comparatio
704 1266 832 1308 ducta
851 1274 914 1308 est
939 1282 966 1308 a
995 1265 1231 1322 spectaculo
1250 1264 1475 1306 fulminum
1505 1276 1617 1308 atras

151 1332 282 1375 nubes
311 1333 660 1386 interlucentium,
692 1334 882 1390 adeoque
910 1335 1084 1386 μελαίνα
1114 1334 1215 1388 τύχα
1244 1348 1326 1374 non
1357 1343 1420 1375 est
1448 1334 1491 1376 h.
1512 1335 1540 1377 l.
1567 1345 1616 1377 ut

148 1401 382 1444 Abreschio
411 1404 598 1460 placebat
619 1409 789 1446 eventus
807 1404 1023 1454 obsmms,
1046 1402 1116 1444 sed
1148 1402 1302 1459 potius,
1324 1410 1372 1443 ut
1399 1402 1443 1443 in
1464 1403 1614 1446 effectu

148 1469 328 1512 horridae
358 1472 626 1528 tempestatis,
648 1471 921 1514 calamitatem
952 1471 1063 1528 agris
1091 1470 1369 1527 importantis,
1396 1471 1496 1513 dira
1506 1473 1612 1528 sbr-

147 1543 252 1580 tuna
269 1554 319 1580 ac
338 1541 482 1581 tristis.
516 1541 649 1582 SCH.

205 1606 273 1660 87.
293 1607 440 1663 πάντα]
463 1609 591 1661 πάντη
612 1610 722 1651 Rob.

207 1675 276 1716 88.
306 1676 476 1732 μελαίνᾳ
501 1678 571 1729 ξὺν
596 1679 697 1733 τύχᾳ
726 1678 950 1718 Porsonus.
993 1676 1166 1728 μέλαινα
1195 1677 1366 1730 ξυντύχα
1390 1676 1500 1718 Rob.
1542 1677 1612 1730 με’-

146 1747 283 1784 λαιναι
302 1746 488 1799 ξυντύχαι
509 1746 574 1786 Μ.
598 1745 740 1787 Guelf.
764 1745 867 1786 Ald.
897 1744 1084 1797 μέλαιναι
1103 1743 1308 1798 ξυντυχίαι
1330 1745 1469 1785 Turn.

205 1824 275 1866 90.
306 1813 666 1869 πίπτει-τέλειον]
697 1814 907 1855 Firmiter
936 1819 1075 1854 autem
1109 1813 1224 1853 haud
1255 1813 1457 1868 supinum
1485 1815 1613 1865 cadit,

147 1878 191 1920 h.
213 1895 249 1921 e.
279 1890 438 1922 certum
469 1881 626 1922 exitum
660 1881 800 1932 habet,
827 1881 941 1922 haud
968 1879 1176 1922 lubricum
1208 1890 1420 1931 eventum,
1450 1883 1489 1923 si
1511 1883 1614 1939 quid

146 1948 318 1989 consilio
337 1949 466 1990 Jovis
481 1950 713 2006 perficitur.
748 1950 880 1990 SCH.

205 2016 406 2071 ἀσφαλὲς]
431 2018 626 2071 ἀσφαλῶς
647 2019 782 2059 Turn.
807 2015 949 2072 Steph.

206 2095 277 2138 92.
310 2084 466 2140 δαυλοὶ]
500 2085 711 2142 Perpleoeoe
741 2086 851 2126 enim
883 2090 922 2126 et
946 2085 1130 2126 obscurae
1155 2085 1306 2126 mentis
1341 2085 1505 2127 divinae
1532 2087 1614 2128 viae

145 2157 247 2193 sunt
271 2166 322 2193 ac
345 2159 566 2209 perspectu
595 2153 801 2209 difficiles,
823 2161 871 2194 ut
890 2152 995 2194 adeo
1023 2167 1145 2193 nemo
1174 2152 1265 2209 ejus
1290 2153 1458 2195 consilia
1483 2155 1612 2212 impe-

146 2218 234 2260 dire
272 2219 418 2262 valeat.
480 2221 645 2263 Δαυλὸν
685 2221 871 2278 Hesych.
914 2221 1016 2277 intp.
1054 2222 1167 2269 δασύ,
1206 2231 1248 2262 et
1284 2221 1463 2264 Δάσκιον
1501 2223 1612 2264 idem

145 2287 316 2343 exponit
344 2288 528 2342 μεγάλως
558 2289 720 2340 σκιάζον
751 2292 815 2331 διὰ
845 2289 890 2330 τὸ
925 2290 1166 2342 σύνδενδρον
1198 2290 1261 2331 καὶ
1294 2292 1409 2332 δασύ.
1473 2292 1611 2333 Meta-

145 2353 278 2410 phora
304 2354 434 2411 igitur
462 2356 589 2398 ducta
617 2367 679 2399 est
705 2373 730 2398 a
754 2357 821 2398 via
849 2372 923 2414 per
948 2356 1108 2413 sylvam
1138 2357 1357 2398 arboribus
1382 2358 1610 2400 confertam

145 2420 323 2478 ideoque
342 2423 580 2480 perplexam
601 2433 643 2466 et
661 2424 939 2481 caliginosam.
972 2425 1105 2466 SCH.

204 2502 274 2544 94.
297 2491 481 2546 κατιδεῖν]
503 2491 611 2534 κάτει
631 2495 715 2534 δεῖν
735 2492 846 2534 Rob.

205 2567 274 2612 95.
305 2556 336 2598 δ’
367 2559 517 2600 ἁπίδων
546 2559 818 2601 Hermannus
854 2559 907 2601 ad
945 2559 1116 2600 Pindar.
1154 2559 1234 2600 vol.
1265 2574 1304 2615 3.
1340 2576 1382 2617 p.
1413 2572 1514 2615 407.
1544 2562 1610 2604 ed.

149 2625 292 2682 Heyn.
334 2624 365 2666 δ’
386 2627 535 2668 ἀπιδὼν
559 2627 784 2669 Porsonus.
824 2629 868 2668 δὲ
889 2628 1039 2668 ἀπιδὼν
1059 2626 1188 2683 vulgo
1211 2637 1267 2677 et,
1291 2637 1337 2668 ut
1357 2628 1518 2683 opinor,
1540 2631 1611 2680 M,

144 2708 197 2735 ex
227 2709 313 2749 quo
346 2695 390 2735 δὲ
420 2695 569 2736 ἆπιδῶν
594 2704 823 2736 enotatum.
865 2696 908 2736 δὲ
938 2695 1082 2736 ἐπιδὼν
1109 2695 1207 2737 Par.
1270 2695 1544 2738 Scribendum
1577 2697 1610 2739 δ’

146 2762 318 2803 ἐλπίδων
337 2776 433 2803 cum
455 2763 702 2804 Hermanno
722 2762 862 2804 Elem.
883 2761 1018 2804 doctr.
1040 2770 1159 2804 metr.
1182 2777 1222 2818 p.
1241 2763 1335 2817 236.

203 2842 274 2884 99.
305 2828 447 2885 οὔτιν’]
473 2830 577 2874 οὔτις
605 2845 656 2872 ex
687 2831 844 2873 Aurati
873 2830 1066 2887 exemplo
1094 2838 1138 2872 et
1165 2829 1333 2872 duobus
1362 2830 1486 2873 codd.
1511 2831 1611 2874 citat

147 2896 435 2954 Spanhemius.
467 2898 603 2940 SCH.
