1962 3224
407 212 490 254 426
878 214 1368 256 ANNOTATIONES

464 332 586 378 1594.
616 326 665 365 τὰ
692 326 765 376 μὲν
792 323 952 378 ποδήρη]
982 325 1132 367 Partes
1163 340 1256 380 quae
1285 326 1342 366 ad
1370 331 1570 366 extremos
1592 325 1712 380 pedes
1745 326 1838 367 sicce

403 395 515 430 sunt.
545 390 773 431 BLOMF.

460 455 610 510 κτένας]
632 456 761 499 κτένες
779 455 897 511 digiti
917 454 1124 507 dicuntur,
1146 456 1244 511 quia
1268 456 1373 497 inter
1402 471 1443 496 se
1472 455 1590 496 certis
1618 455 1837 496 intervallis

403 520 727 576 distinguuntur,
749 522 853 562 sicut
881 521 1050 577 pectinis
1079 522 1286 565 denticuli.
1319 523 1451 564 Schol.
1478 522 1623 565 κτένας.
1654 523 1723 564 τὰς
1752 525 1832 562 δια-

403 586 561 629 στάσεις
579 590 655 628 τῶν
675 588 887 628 δακτύλων.
919 588 1101 643 Hesych.
1124 588 1285 631 Κτένας.
1312 588 1399 632 τοὺς
1418 593 1494 630 τῶν
1510 593 1651 642 χειρῶν
1669 589 1835 641 καρποὺς

403 653 466 693 καὶ
485 656 562 693 τῶν
581 655 722 693 ποδῶν.
754 654 984 693 BLOMF.

461 729 581 774 1595.
603 719 1036 774 ἄνωθεν-καθήμενος]
1058 721 1263 775 Superius
1287 722 1524 762 accumbens
1545 723 1713 771 Atreus,
1734 721 1776 761 h.
1797 736 1831 761 e.

401 783 454 825 ad
495 785 741 840 superiorem
782 794 940 840 partem
979 800 1142 835 mensae,
1171 786 1242 840 qui
1276 786 1388 827 locus
1427 795 1513 828 erat
1552 786 1831 828 convivatoris.

400 852 618 893 Summum
639 864 668 891 s.
690 853 736 891 z'n-
755 866 912 892 summo
932 853 1165 892 accumbere
1182 852 1279 893 dicit
1301 852 1488 893 Plautus.
1519 854 1706 894 BOTH.

456 917 660 970 ἀνδρακὰς]
678 917 757 957 κατ’
774 918 895 969 ἄνδρα
912 918 983 958 ἕνα
1003 918 1182 966 ἕκαστον,
1202 919 1387 973 Hesych.
1418 918 1567 974 Odyss.
1583 922 1634 958 N.
1657 931 1717 971 [3.
1739 916 1828 958 ἀλλ’

399 983 471 1036 ἄγε
498 986 559 1024 foc.
584 986 708 1034 δῶμεν
735 984 896 1035 τρίποδα
923 983 1049 1035 μέγαν
1077 984 1123 1034 ἠὲ
1151 984 1303 1036 λέβητα
1330 983 1555 1037 Ἀνδρακάς.
1586 982 1834 1035 Apollonius

397 1049 503 1089 hanc
539 1063 680 1089 vocem
717 1049 774 1090 ait
811 1064 896 1089 esse
935 1053 1011 1090 τῶν
1049 1049 1150 1100 ἅπαξ
1195 1050 1414 1102 εἰρημένων.
1489 1049 1576 1090 Alii
1616 1049 1832 1090 substanti-

399 1130 499 1155 vum
539 1130 624 1155 esse
655 1114 931 1163 crediderunt,
967 1116 1169 1167 ἀνδρακὰς,
1210 1116 1457 1168 ἆνδρακάδος.
1493 1115 1675 1171 Hesych.
1715 1117 1752 1155 οἳ
1790 1115 1832 1155 δὲ

397 1181 559 1232 μερίδες,
599 1183 742 1232 μοῖραι.
786 1179 960 1220 Nicand.
997 1180 1125 1222 Ther.
1159 1181 1253 1231 642.
1292 1185 1367 1221 τῶν
1400 1182 1473 1231 μὲν
1513 1179 1574 1220 ἀπ’
1615 1178 1834 1231 ἀνδρακάδα

398 1246 603 1298 προταμὼν
633 1245 770 1297 ἰσήρεα
797 1250 1017 1298 χραισμεῖν.
1055 1246 1212 1287 Suidas.
1242 1245 1466 1298 Ἀνδρακάς.
1498 1246 1542 1286 τὸ
1573 1247 1669 1287 κατὰ
1697 1246 1831 1297 ἄνδρα.

397 1312 528 1364 χωρίς.
574 1314 763 1363 Κρατῖνος
797 1312 842 1351 ἐν
872 1313 1092 1354 Βουκόλοις.
1130 1312 1174 1352 τὸ
1204 1312 1295 1352 ἴσον
1330 1312 1392 1353 καὶ
1421 1314 1685 1363 ἀντικείμενον
1721 1315 1836 1352 καλεῖ

399 1379 647 1428 Θουκυδίδης.
677 1376 922 1431 ἢᾶνδρακάς·
956 1381 1053 1419 κατὰ
1079 1377 1172 1419 δέκα
1196 1378 1347 1430 ἄνδρας.
1406 1377 1565 1418 Eadem
1594 1378 1679 1419 fere
1710 1377 1832 1418 habet

399 1444 504 1484 Lex.
528 1443 710 1498 Seguier.
729 1458 773 1499 p.
793 1456 889 1498 394.
929 1444 1010 1485 Sed
1030 1459 1124 1485 casu
1145 1443 1323 1499 quodam
1346 1443 1441 1484 satis
1460 1443 1632 1484 mirabili
1651 1443 1831 1484 confusae

397 1520 493 1551 sunt
512 1509 657 1565 glossae
683 1509 991 1552 diversissimae:
1024 1526 1117 1551 nam
1138 1525 1256 1551 voces
1285 1511 1328 1550 τὸ
1357 1510 1448 1550 ἶσον
1477 1510 1540 1550 καὶ
1568 1510 1832 1559 ἀντικείμενον

398 1579 514 1616 καλεῖ
545 1578 794 1628 Θουκυδίδης,
825 1577 896 1618 vix
931 1577 1077 1619 dubito
1110 1577 1210 1633 quin
1239 1576 1291 1617 ad
1324 1576 1729 1631 interpretamentum
1763 1577 1831 1615 τοῦ

397 1643 611 1684 ἀντίπαλον
630 1643 872 1699 pertineant,
892 1659 976 1699 qua
1001 1659 1098 1685 voce
1126 1644 1167 1684 in
1196 1644 1274 1684 isto
1304 1658 1422 1684 sensu
1453 1642 1670 1698 saepissime
1700 1640 1831 1682 utitur

399 1708 680 1764 Thucydides.
704 1709 839 1750 Schol.
858 1709 911 1749 ad
928 1723 964 1760 Ι,
981 1722 1024 1764 3.
1054 1709 1305 1751 Ἀντίπαλον.
1337 1710 1399 1750 καὶ
1418 1709 1461 1749 τὸ
1480 1709 1572 1749 ἴσον
1601 1708 1663 1748 καὶ
1691 1707 1734 1747 τὸ
1762 1723 1831 1747 πο-

396 1775 545 1826 λέμιον.
579 1776 786 1816 ἀντίκειται
815 1777 891 1828 γὰρ
920 1778 973 1830 τῷ
996 1774 1167 1827 Ἕλληνι
1191 1777 1212 1816 ὁ
1232 1775 1446 1828 βάρβαρος.
1467 1774 1539 1816 ubi
1558 1774 1651 1815 vide
1669 1775 1829 1814 Wasse.

398 1842 628 1882 BLOMF.

456 1909 576 1961 1596.
627 1907 851 1958 καθήμενος.
903 1907 1049 1962 ἄσημα]
1090 1907 1407 1948 Emendandum
1450 1906 1661 1958 καθήμενος
1697 1904 1826 1956 ἄσημ’·

396 1975 417 2013 ὁ
438 1972 545 2013 δ’-.

456 2049 574 2093 1597.
614 2041 742 2092 βορὰν
774 2038 1107 2093 ἄσωτον-γένει]
1149 2041 1303 2081 Victum
1342 2040 1414 2095 qui
1446 2039 1617 2095 generis
1654 2037 1825 2078 salutem

394 2119 551 2146 omnem
567 2119 730 2160 pessum
753 2106 875 2146 dedit.
906 2105 1135 2146 BLOMF.

453 2182 572 2224 1599.
594 2172 938 2222 ἀμπίπτει-ἐμῶν
961 2170 1172 2211 stanleius.
1204 2170 1264 2218 ἂν,
1286 2172 1569 2222 πίπτει-ἐρῶν
1587 2168 1694 2210 libri.

453 2238 573 2278 1601.
603 2237 798 2287 λάκτισμα
827 2237 982 2277 δείπνου
1010 2235 1185 2290 pertinet
1213 2236 1265 2276 ad
1294 2245 1535 2276 contemtam
1567 2244 1608 2276 et
1635 2233 1823 2275 violatam

392 2302 559 2342 immani
577 2302 744 2342 crimine
763 2301 936 2343 convivii
957 2301 1220 2342 sanctitatem.
1253 2301 1318 2342 Sic
1338 2301 1587 2357 Lycophron
1607 2300 1659 2341 de
1675 2299 1824 2341 Paride

386 2368 458 2423 jus
476 2367 642 2424 hospitii
663 2367 838 2408 violante
858 2382 894 2407 v.
917 2377 1010 2421 137.

674 2465 789 2516 ἔτλης
808 2468 907 2505 θεῶν
927 2465 1083 2507 ἆλοιτὸς
1104 2466 1266 2516 ἐκβῆναι
1286 2466 1392 2516 δίκην

673 2530 795 2581 λάξας
813 2530 1012 2583 τράπεζαν.
1074 2532 1204 2571 SCH.

449 2632 566 2675 τιθεὶς
587 2632 680 2685 ἀρᾷ]
705 2632 828 2672 σιθεὶς
850 2631 918 2684 ἐρᾷ
939 2631 1041 2671 Ven.

453 2700 573 2740 1602.
593 2697 758 2738 ὀλέσθαι
778 2698 996 2737 Porsonus.
1027 2695 1175 2747 ὀλέσθη
1195 2696 1299 2737 libri.

454 2766 573 2817 1605.
604 2763 696 2817 δέκ’]
721 2763 862 2818 Hujus
891 2762 1049 2803 numeri
1076 2762 1396 2818 magnitudinem
1415 2764 1583 2804 miratur
1602 2762 1823 2818 Emperius

389 2829 431 2869 in
463 2828 781 2869 Zimmermanni
811 2829 955 2870 Diario
983 2844 1019 2870 a.
1041 2829 1159 2883 1835.
1181 2844 1223 2885 p.
1245 2830 1339 2884 635.
1399 2830 1505 2870 Nam
1535 2829 1588 2870 ab
1611 2827 1698 2870 aliis
1723 2828 1819 2870 scri-

389 2895 576 2950 ptoribus
596 2894 700 2936 duos
719 2904 850 2936 tresve
871 2895 1069 2952 Thyestae
1089 2894 1191 2935 filios
1211 2895 1347 2946 tribui,
1369 2909 1449 2937 non
1468 2894 1672 2938 tredecim.
