1962 3224
587 189 677 229 AD
710 188 1244 230 AGAMEMNONEM.
1572 192 1657 235 409

241 313 365 356 1249.
385 301 612 358 max—mos]
637 301 738 342 Non
755 301 922 357 quidem
954 301 987 342 si
998 301 1173 356 futura
1201 303 1304 352 sint,
1327 317 1424 358 quae
1445 302 1562 352 dicis,
1584 317 1653 343 ve-

179 382 275 409 rum-
296 381 348 410 ne
367 369 563 410 eveniant
576 382 817 424 precamur.
853 369 987 409 SCH.

238 438 347 489 εἴπερ
368 436 482 478 ἔσται
504 435 765 478 SchuetziuS.
798 438 834 477 εἰ
853 435 1051 489 παρέσται
1071 435 1179 476 libri.

242 514 290 544 12
292 512 362 557 50.
386 502 582 558 κατεύχει]
605 503 774 556 κατεύχῃ
795 502 903 544 libri.

236 569 476 625 σ-ὺ-μέλει]
516 571 589 612 Tu
617 571 784 627 quidem
813 569 927 611 illam
962 569 1236 612 calamitatem
1273 570 1536 626 deprecaris;
1582 571 1655 612 sed

176 637 263 679 illis
293 637 626 693 Clytaemnestrae
652 648 694 679 et
722 637 923 694 AEgistho
953 652 1066 679 curce
1092 644 1165 689 est,
1195 644 1242 680 ut
1272 639 1463 680 occidant
1496 653 1650 695 regem.

179 706 315 748 SCH.

236 787 285 815 12
289 785 359 830 51.
380 775 503 830 τινὸς]
531 774 809 816 Scribendum
830 776 937 818 τίνος
957 789 1010 816 ex
1032 774 1098 816 Fl.

234 844 347 898 ἄχος]
376 842 651 884 Scribendum
672 844 770 897 ἄγος
790 857 886 884 cum
908 844 1089 884 Aurato.

239 923 289 951 12
291 920 362 965 52.
385 910 410 962 ἤ
431 909 535 964 κάρτ’
558 909 616 964 ἄρ’
639 910 689 952 ἂν
708 912 973 964 παρεσκόπεις
991 914 1183 965 χρησμῶν
1204 910 1324 966 ἐμῶν]
1349 909 1408 964 ἄρ’
1428 910 1478 952 ἂν
1494 910 1535 951 in
1558 911 1654 963 ὅρον

174 978 351 1020 mutavit
372 978 658 1035 Musgravius‚
682 987 806 1029 recte,
830 988 878 1020 ut
898 979 1087 1021 videtur:
1121 978 1191 1019 sed
1219 978 1345 1019 verba
1376 978 1432 1020 sic
1462 978 1654 1020 collocari

174 1046 412 1089 debuerunt
441 1047 467 1099 ἦ
498 1047 620 1100 κάρτα
653 1051 844 1101 χρησμῶν
875 1047 970 1100 ὅρον
1006 1047 1111 1098 ἐμῶν
1144 1047 1418 1099 παρεσκόπεις.
1481 1046 1653 1102 Vulgati

172 1114 331 1155 ordinis
360 1114 507 1155 vitium
539 1114 664 1155 sensit
694 1115 927 1164 Porsonus,
957 1113 1031 1169 qui
1062 1112 1225 1169 scripsit
1254 1114 1279 1165 ἢ
1311 1114 1432 1166 κάρτα
1462 1118 1654 1168 χρησμῶν

172 1180 234 1234 ἆρ’
273 1183 376 1234 ἐμῶν
414 1184 679 1235 παρεσκόπεις
718 1182 760 1223 in
801 1182 964 1238 praefat.
1004 1181 1058 1222 ad
1099 1181 1253 1237 Eurip.
1296 1181 1466 1222 Hecub.
1503 1197 1545 1238 p.
1583 1182 1650 1223 28.

173 1254 204 1274 “
225 1250 430 1300 Quoniam
462 1249 616 1291 chorus
645 1250 911 1306 quaesiverat‚
934 1264 1115 1305 quonam
1138 1264 1164 1290 a
1190 1250 1285 1289 viro
1305 1248 1387 1290 tale
1410 1263 1458 1290 ac
1486 1259 1650 1290 tantum

170 1316 333 1358 facinus
352 1327 602 1374 patraretur,
626 1317 862 1359 Cassandra
882 1332 978 1358 eum
1000 1317 1058 1358 ait
1087 1316 1268 1358 multum
1289 1332 1315 1358 a
1337 1332 1434 1358 vero
1460 1317 1648 1359 oraculo-

170 1399 264 1425 rum
286 1400 456 1426 suorum
479 1399 600 1426 sensu
621 1385 874 1427 aberrasse.''
906 1386 1037 1426 SCH.

226 1452 505 1508 παρεσκόπεις]
526 1454 780 1505 παρεσκόπης
800 1454 856 1495 Τ.
882 1462 924 1494 et
944 1453 1226 1509 superscripto
1250 1469 1284 1494 ει
1304 1451 1371 1494 Fl.

229 1531 351 1575 1254.
377 1518 564 1575 Ἕλλην’]
588 1520 754 1561 Genere
774 1519 974 1561 feminino
1001 1519 1159 1561 dictum
1188 1535 1264 1576 pro
1283 1519 1481 1561 Ἑλλάδα.
1503 1521 1552 1561 V.
1576 1536 1647 1562 ex-

165 1585 303 1642 empla
332 1602 384 1628 ex
411 1586 577 1644 tragicis
602 1597 643 1629 et
673 1587 842 1629 aliunde
868 1587 1039 1629 collecta
1067 1587 1121 1628 ab
1143 1589 1196 1629 L.
1214 1587 1437 1629 Dindorfio
1463 1587 1504 1628 in
1530 1588 1646 1630 The-

164 1667 289 1694 sauro
309 1654 387 1695 vol.
410 1669 449 1710 3.
472 1670 515 1711 p.
538 1658 636 1708 767.

227 1735 276 1764 12
279 1735 305 1776 5
308 1733 351 1777 5.
374 1723 640 1778 πυθόκραντα]
662 1723 726 1764 Ab
746 1724 942 1778 Apolline
970 1723 1027 1763 ad
1056 1724 1218 1764 exitum
1243 1723 1488 1779 perductus.
1549 1724 1642 1764 Ex-

163 1798 366 1845 spectares
398 1800 534 1832 tamen
566 1794 836 1845 πυθόχρηστα.
876 1791 1068 1847 Choeph.
1102 1792 1202 1846 898.
1240 1795 1317 1832 ποῦ
1354 1791 1400 1842 δὴ
1435 1793 1484 1832 τὰ
1519 1794 1643 1834 λοιπὰ

160 1857 307 1909 Λοξίου
337 1860 590 1912 μαντεύματα
622 1862 686 1900 Τὰ
718 1861 1001 1913 πυθόχρηστα;
1036 1860 1169 1900 Recte
1199 1859 1499 1913 interpretatur
1531 1861 1640 1915 But-

162 1924 288 1976 lerus,
315 1928 460 1968 Graece
479 1928 644 1984 quidem
664 1928 867 1968 dicuntur
885 1928 1071 1976 oracula,
1093 1928 1286 1982 (lg'fficz'lvz'a
1306 1933 1407 1968 sunt
1428 1928 1638 1970 intellectu

163 1999 316 2035 tamen.
350 1995 584 2036 BLOMF.

219 2064 398 2113 δυσμαθῆ
420 2063 639 2105 Canterus.
676 2065 857 2114 δυσπαθῆ
878 2061 983 2103 libri.

224 2130 345 2183 1256.
375 2134 517 2180 παπαῖ,
538 2131 624 2170 οἷον
643 2129 688 2170 τὸ
708 2133 784 2182 πῦρ
808 2130 922 2185 (post
941 2133 1017 2181 πῦρ
1038 2127 1157 2169 colon
1179 2128 1318 2183 posuit
1338 2128 1631 2183 Blomfieldus)

161 2193 371 2248 ἐπέρχεται
391 2196 435 2237 δέ
459 2196 542 2251 μοι]
568 2197 719 2237 Versus
738 2196 1025 2252 interpolatus.
1087 2195 1366 2237 Probabiliter
1385 2196 1499 2252 quod
1522 2198 1633 2238 Her-

161 2273 338 2302 mannus
357 2263 548 2319 conjecit,
568 2268 710 2311 παπαῖ,
733 2264 819 2304 οἶόν
838 2280 905 2315 μοι
922 2267 998 2316 πῦρ
1021 2262 1231 2316 ἐπέρχεται
1250 2264 1351 2304 τόδε.

220 2340 342 2384 1257.
365 2331 512 2387 Hujus
531 2346 700 2387 quoque
721 2346 863 2372 versus
883 2330 1005 2372 lectio
1027 2345 1110 2371 non
1131 2329 1228 2371 satis
1249 2342 1372 2372 certa.

219 2397 341 2450 1258.
364 2399 514 2452 δίπους]
542 2400 706 2441 δίπλους
727 2399 795 2440 Fl.

220 2473 342 2518 1259.
365 2464 529 2508 λέοντος
550 2466 752 2521 εὐγενοῦς]
781 2465 878 2507 Vid.
898 2465 952 2506 ad
975 2480 1013 2505 V.
1036 2477 1157 2517 1224.

220 2533 342 2572 1261.
384 2532 562 2587 ἐνθήσει]
607 2533 790 2585 ἐνθήσειν
830 2534 888 2574 Τ.
925 2532 1260 2588 interpunctione
1297 2542 1389 2588 post
1431 2535 1544 2589 κότῳ,
1582 2543 1627 2574 ut

154 2597 316 2654 opinor,
338 2598 516 2654 abjecta.

215 2667 330 2722 κότῳ]
358 2667 489 2708 Recte
510 2668 784 2709 Casaubonus
808 2672 912 2724 ποτῷ
932 2668 1123 2710 correxit.

219 2737 338 2775 1262.
363 2735 588 2790 ἐπεύχεται]
613 2735 887 2777 Scribendum
912 2737 1162 2789 κᾶπεύχεται.

217 2803 337 2857 1263.
355 2803 649 2858 ἆντιτίσασθαι]
668 2803 942 2844 Scribendum
961 2804 1232 2844 ἀντιτίσεσθαι
1247 2818 1341 2844 cum
1358 2803 1609 2846 Blomfieldo

215 2872 337 2925 1265.
369 2871 562 2926 σκῆπτρα]
594 2872 820 2920 Baculum,
852 2870 976 2927 quale
1004 2872 1223 2927 gestabant
1254 2882 1381 2913 vates.
1434 2874 1619 2929 Hesych.

151 2935 403 2990 Ἰθυντήριον.
435 2937 457 2978 ὃ
478 2937 672 2991 φέρουσίν
692 2941 730 2979 οἱ
756 2939 916 2990 μάντεις
935 2942 1135 2992 σκῆπτρον
1160 2939 1237 2980 ἀπὸ
1268 2939 1433 2993 δάφνης.
1495 2941 1620 2992 Quod

841 3020 916 3062 3F
