1962 3224
632 149 720 190 Al)
754 148 1112 190 SUPPLICES.
1525 147 1606 189 631

148 272 212 310 14.
233 274 274 315 p.
298 260 393 313 670.
417 259 616 312 καμψάντι
635 258 749 310 ἠῒονα
767 261 961 300 ποιοῦσαν
981 259 1105 311 ἄκραν
1124 257 1148 309 ἣ
1170 261 1351 298 καλεῖται
1372 258 1603 310 Σαρπηδών.

147 328 369 368 STANL.

201 394 296 448 870.
318 394 412 447 871.
434 405 474 435 et
493 393 777 450 antistrophici
799 393 895 434 880.
919 394 1014 434 881.
1036 392 1125 449 conj
1135 391 1329 448 ungendi.

200 462 296 514 871.
329 462 492 514 εὐρείαις
525 462 800 516 (εὐρυχωρείας
829 476 880 502 ex
903 462 969 502 M.
991 461 1180 514 affertur)
1208 460 1281 515 εἰν]
1312 460 1500 501 Metrum
1533 459 1607 501 has

141 528 323 585 postulat
344 529 520 586 syllabas
540 553 568 572 o
587 553 614 571 υ
635 556 664 561 -
684 554 723 571 o.

201 597 296 652 873.
317 598 548 653 ὑπερθορεῖ]
573 599 768 655 ὑπερθορῇ
789 597 894 639 libri.

201 666 298 721 875.
321 666 468 722 ἀχέων]
491 668 641 721 ἆχαιῶν
662 668 799 707 Turn.

199 733 337 775 Verba
358 735 420 775 vel
440 734 686 790 interpolata
705 734 767 776 vel
788 734 877 775 loco
902 733 1036 775 alieno
1058 733 1172 775 illata
1197 735 1322 784 οἰζύος
1352 732 1460 786 ὄνομ’
1485 735 1602 788 ἔχων,

142 817 239 858 quae
273 818 505 844 mensuram
537 818 618 845 non
649 803 879 854 iambicam,
909 803 978 844 sed
1010 803 1290 845 dochmiacam
1322 803 1488 853 habent,
1519 818 1603 844 om.

143 870 255 912 Rob.

202 940 298 994 877.
331 941 354 992 ἡ
383 940 458 993 πρὸ
488 944 560 994 γᾶς
578 940 761 995 ὑλάσκοι]
781 918 1132 993 ὑπρογασυλάσκιέῗ
1158 940 1224 980 M.
1254 939 1606 993 ὑπρογασυλάσκει

142 1007 245 1049 Ald.
275 1008 625 1062 ὑπρογασυλάσκοι
657 1009 767 1050 Rob.
799 1012 1170 1061 ηπρογασυλασκεῖς
1199 1008 1342 1049 Guelf.
1373 1009 1396 1059 ἡ
1425 1007 1500 1061 πρὸ
1530 1012 1604 1060 γᾶς

142 1076 310 1127 ἠλάσκει
338 1078 476 1118 Turn.
539 1076 778 1126 Scholiasta,
806 1078 861 1120 εἷς
889 1078 987 1129 ὑπὲρ
1016 1080 1094 1117 τῶν
1118 1077 1343 1129 Αἰγυπτίων
1371 1078 1603 1129 πρεσβεύοι.

144 1144 226 1195 Qui
260 1144 403 1201 legisse
438 1145 616 1194 videtur,
654 1147 732 1186 οἰοῖ
765 1147 843 1186 οἰοῖ
877 1147 990 1198 (nam
1024 1144 1080 1185 sic
1117 1143 1400 1197 scribendum)
1429 1144 1436 1201 Ι
1461 1146 1601 1196 λύμας·

144 1213 199 1255 εἷς
218 1213 260 1254 δὲ
281 1212 354 1265 πρὸ
375 1216 447 1265 γᾶς
466 1213 645 1254 ὑλάσκοι.

201 1281 299 1334 878.
334 1283 596 1335 περιχριμπτὰ
627 1282 761 1322 Turn.
793 1291 833 1322 et
866 1280 1009 1337 Steph.
1045 1279 1321 1337 interpolatio.
1352 1283 1603 1335 περιχαμπτᾶ

144 1349 208 1389 Μ.
233 1348 374 1390 Guelf.
396 1349 496 1390 Ald.
520 1350 630 1392 Rob.

201 1416 297 1470 879.
318 1416 380 1471 ὃς]
405 1417 465 1458 ὅσ’
489 1418 677 1458 Bothius.

199 1484 295 1526 880.
317 1485 383 1540 σε]
410 1485 679 1526 Scribendum
702 1484 753 1525 σ’.

197 1551 460 1606 ἀποτρέψειεν
479 1553 618 1594 ἄϊστον
640 1555 776 1595 Turn.
803 1553 947 1610 Steph.
978 1552 1199 1606 ἀποτρέψει
1230 1553 1414 1594 ἔναιστον
1440 1554 1602 1596 codices

140 1630 181 1660 et
202 1619 303 1660 Ald.
325 1620 437 1662 Rob.

199 1688 294 1730 882.
322 1689 621 1745 ἀμφίστροφον]
648 1691 914 1744 ἀντίστροφον
933 1689 1041 1731 libri.
1103 1690 1295 1731 Correxit
1317 1691 1529 1732 Porsonus
1548 1707 1600 1733 ex

141 1756 403 1797 annotatione
418 1756 659 1809 scholiastae,
672 1759 742 1810 τὴν
759 1760 800 1809 ἐξ
816 1757 1050 1811 ἀμφοτέρων
1070 1762 1148 1799 τῶν
1168 1762 1297 1811 μερῶν
1319 1759 1586 1812 ἑλισσομένην

141 1825 164 1864 ὅ
185 1826 294 1865 ἐστιν
315 1825 600 1878 ἆμφιέλισσαν.

199 1892 294 1947 883.
317 1893 434 1949 ὅσον]
459 1894 552 1946 ὅρον
571 1895 635 1934 Μ.
659 1895 753 1935 Par.
775 1893 878 1936 Ald.
901 1896 1038 1936 Turn.

198 1961 272 2015 τις]
297 1977 334 2001 τι
356 1961 420 2002 Μ.
444 1962 540 2001 Par.
564 1961 668 2002 Ald.
695 1961 804 2003 Rob.

201 2028 296 2079 884.
320 2028 364 2068 οὗ
386 2028 609 2084 δαμάζεται]
634 2029 906 2071 scribendum
928 2030 1062 2083 οὐδάμ’
1084 2031 1214 2080 ἅζεται
1233 2047 1328 2073 cum
1351 2032 1535 2074 Pauwio.

200 2096 296 2151 885.
327 2096 369 2136 οἵ
390 2098 431 2137 οἳ
454 2096 597 2152 Steph.
629 2097 670 2138 οἳ
687 2098 728 2139 οῖ
747 2098 853 2140 Rob.
886 2099 923 2140 οἳ
943 2099 981 2140 οἳ
1001 2099 1102 2141 Ald.
1126 2101 1261 2141 Turn.
1325 2100 1597 2142 Scribendum

142 2165 231 2204 οἰοῖ.

195 2233 375 2284 βρότειος
405 2233 495 2284 ἄρος
524 2233 614 2288 ἄτα]
644 2238 837 2286 βροτιοσα
869 2252 1036 2288 ροσαται
1068 2237 1132 2277 M.
1174 2237 1400 2289 βροστίοσα
1432 2236 1600 2290 ροσάται

141 2297 240 2339 Ald.
270 2299 462 2352 βρετίοσα
480 2300 645 2352 ῥοσάται
662 2302 797 2343 Turn.
823 2305 1040 2355 βρετίεσσα
1061 2303 1227 2357 ῥοσάται
1249 2305 1391 2361 Steph.
1417 2304 1600 2358 βρέτειος

139 2366 236 2418 πρὸς
255 2367 348 2410 ἄτας
369 2367 475 2408 Rob.
539 2369 715 2425 Propior
738 2385 833 2412 vero
853 2371 1057 2428 scriptura
1077 2371 1267 2413 restituta
1286 2388 1336 2413 ex
1359 2372 1598 2424 Eustathio‚

139 2432 192 2472 de
221 2447 307 2488 quo
337 2433 582 2475 Schuetzius
612 2441 641 2459 ‘⁶
666 2437 858 2493 Strophae
882 2437 1010 2493 hujus
1033 2438 1307 2479 emendationi
1330 2438 1488 2495 profuit
1509 2439 1599 2479 Eu-

139 2499 313 2541 stathius
332 2500 404 2556 qui
424 2501 476 2541 ad
500 2503 628 2544 Hom.
649 2518 690 2559 p.
716 2517 838 2557 1422,
862 2519 922 2559 ¹9-
939 2506 1028 2547 haec
1049 2506 1221 2556 notavit,
1241 2506 1344 2547 Ἀπὸ
1366 2508 1408 2547 δὲ
1428 2509 1497 2547 τοῦ
1519 2507 1598 2559 ἆρῶ

140 2569 203 2609 καὶ
223 2568 316 2620 ἄρος
333 2568 376 2608 τὸ
403 2569 550 2621 ὄφελος
574 2570 665 2623 παρ’
686 2573 876 2628 Αἰσχύλῳ
908 2575 952 2614 ἐν
980 2573 1153 2614 Ἱκετίσι·
1187 2575 1356 2626 Βρότεος
1386 2575 1479 2627 ἄρος
1509 2575 1596 2615 ἄτα·

136 2636 222 2687 ἤτοι
242 2635 286 2675 τὸ
309 2635 350 2676 εὓ
370 2639 447 2676 τῶν
465 2640 621 2688 βροτῶν
641 2639 702 2679 καὶ
723 2639 766 2679 τὸ
787 2641 935 2692 ὄφελος
956 2642 1027 2692 ἄτη
1050 2642 1172 2682 ἐστίν.
1234 2643 1288 2682 In
1317 2641 1394 2683 hac
1425 2641 1598 2683 lectione

138 2714 273 2744 tamen
295 2702 583 2758 corrigendum
609 2712 669 2745 est
696 2708 874 2758 βρότεος,
898 2722 973 2762 pro
1003 2723 1088 2763 quo
1118 2708 1352 2750 scholiastes
1381 2709 1597 2750 commode

138 2771 375 2827 suppeditat
395 2771 605 2827 antiquam
628 2783 667 2813 et
690 2773 912 2829 genuinam
944 2775 1189 2832 scripturam
1221 2776 1385 2829 βρέτεος
1410 2777 1474 2818 vel
1504 2782 1597 2830 βρε-

137 2838 251 2879 τέων.
313 2840 410 2880 Jam
451 2839 754 2895 pulcherrimus
791 2842 976 2884 enitescit
1015 2859 1156 2885 sensus
1179 2861 1187 2886 ε
1235 2844 1318 2894 hei,
1351 2844 1430 2895 hei,
1463 2855 1596 2901 pater,

137 2916 256 2947 tuum
280 2906 381 2948 illud
403 2913 645 2949 statuarum
666 2908 854 2960 deorum,
877 2910 960 2952 scil.
981 2911 1032 2952 ad
1059 2928 1163 2968 quas
1190 2929 1255 2955 me
1285 2913 1476 2955 accedere
1501 2913 1593 2970 jus-
