1962 3224
559 154 648 194 AD
679 151 1219 214 AGAMEMNONEM.
1543 153 1628 194 355

160 271 372 323 Σοφοκλῆς
406 267 496 321 ἔφη,
528 268 581 311 ὦς
615 265 733 321 χάρμ’
762 265 943 320 ὑφέρπει,
973 264 1142 318 δάκρυον
1175 266 1491 321 ἐκκαλούμενον..
1544 266 1628 318 Qui

161 335 407 393 Sophoclem
428 334 637 376 memoriae
657 349 795 376 errore
814 331 1056 374 nominavit.

218 415 313 457 271.
337 402 593 459 φρονοῦντος]
615 403 841 456 φρονούσης
861 402 917 442 Τ.
941 399 1087 458 Steph.
1112 410 1158 442 ut
1186 399 1240 441 ad
1263 398 1627 457 Clytaemnestram

158 471 362 513 referatur
381 470 577 527 loquente
598 469 759 512 nuntio.
791 470 1024 511 BLOMF.

217 550 312 593 274.
335 539 509 595 εὐπειθῆ]
531 539 668 591 εὐπιθῆ
689 537 973 580 Blomfieldus.

218 609 314 661 276.
337 607 516 663 ε’πίανεν]
539 608 704 648 Laetam
723 606 918 648 reddidit.

217 675 399 731 ἄπτερος]
428 676 702 717 Subitaneus.
724 675 904 716 Homer.
928 673 1013 715 Od.
1038 677 1081 715 P.
1102 683 1173 729 57.
1217 676 1280 716 Ως
1309 671 1369 726 ἄρ’
1402 673 1627 725 ἐφώνησεν·

158 746 203 795 τῇ
223 743 254 785 δ’
277 745 445 797 ἄπτερος
465 744 610 786 ἔπλετο
625 746 759 796 μῦθος.
782 743 854 785 ubi
876 741 1148 784 Herodianus
1167 739 1348 797 explicat
1367 756 1443 797 per
1464 741 1628 793 ἕτοιμος.

159 812 347 869 Hesych.
363 811 568 866 Ἀπτερος.
600 813 808 866 αἰφνίδιος,
831 812 939 864 παρὰ
957 809 1133 865 ζΟμήρῳ.
1164 811 1185 851 ὁ
1206 809 1421 862 προσηνής.
1451 808 1475 861 ἢ
1495 810 1630 864 ταχύς.

159 882 363 935 Αἰσχύλος
381 879 663 934 Ἀγαμέμνονι.
688 879 874 937 Etymol.
898 880 964 921 M.
985 895 1028 936 p.
1049 892 1145 935 133,
1166 892 1240 935 34.
1277 877 1512 932 Ἀπτερέως,
1541 882 1630 931 παρ’

157 947 349 1004 Ἡσιόδῳ,
370 949 504 1002 ὥσπερ
531 948 576 989 τὸ
598 948 805 1002 ἀψοφέως’
838 948 1024 1000 σημαίνει
1044 947 1089 989 τὸ
1112 947 1374 1002 (αἰφνιδίως).
1397 947 1508 989 ἔστιν
1528 948 1634 989 ἀπω-

159 1016 272 1070 τέρω,
304 1015 472 1070 ἀπτέρω.
505 1017 627 1060 οὕτως
654 1015 913 1070 “Ηρωδιανός.
960 1017 1047 1058 ἔστι
1076 1016 1241 1071 ταχέως,
1275 1016 1454 1068 ἑτοίμως,
1485 1016 1634 1069 ἀφρον-

158 1086 313 1128 τίστως·
346 1086 385 1125 οἱ
415 1085 470 1132 δὲ,
494 1084 740 1137 ἀπροθύμως,
766 1086 965 1139 ἐλαφρῶς,
993 1083 1128 1137 ἡδέως.
1161 1085 1258 1126 ἔνιοι
1289 1085 1332 1126 δὲ
1361 1083 1632 1136 ἠμελημένως.

161 1152 281 1193 Idem
303 1167 401 1192 vero
424 1166 464 1207 p.
488 1152 556 1207 83,
577 1164 645 1207 23.
671 1151 789 1194 ducit
817 1168 841 1194 a
871 1152 1056 1206 πτερέως,
1087 1152 1132 1194 τὸ
1162 1152 1327 1206 ταχέως.
1390 1151 1527 1209 Apud
1550 1151 1634 1208 Ly-

157 1220 301 1277 cophr.
336 1221 434 1273 627.
475 1219 859 1273 ἀπτέρως-ἵξονται
897 1220 1130 1278 explicatur
1169 1219 1409 1273 ὁμοπτέρως·
1461 1220 1630 1274 ταχέως.

159 1287 330 1330 Pollux.
363 1301 404 1344 9,
437 1301 530 1343 152.
561 1288 678 1345 quasi
719 1303 951 1346 synonyma
985 1288 1112 1330 refert
1151 1289 1210 1329 ὅτι
1249 1288 1433 1343 τάχιστα,
1475 1288 1632 1345 ἀπτέρῳ

159 1357 285 1412 τάχει.
318 1357 554 1399 BLOMF.

219 1427 317 1469 280.
340 1425 414 1481 τίς]
435 1429 516 1469 πῶς
537 1426 595 1466 Τ.

218 1494 314 1538 281.
331 1492 764 1550 Ἥφαιστος-σέλας]
793 1494 1000 1536 Vulcanus
1026 1494 1079 1535 ab
1101 1494 1184 1534 Ida
1210 1494 1476 1551 splendidum
1492 1496 1634 1551 jubar

158 1563 377 1610 emitten8;
410 1561 452 1603 h.
473 1577 511 1603 e.
543 1562 681 1618 ignem
713 1562 756 1604 in
787 1563 868 1605 Ida
889 1562 1153 1621 splendidum
1176 1562 1456 1604 accenderunt
1478 1563 1634 1615 Graeci,

159 1647 245 1688 quo
275 1631 363 1673 viso
391 1647 467 1689 per
498 1642 610 1673 certa
644 1632 849 1674 montium
885 1631 1104 1674 intervalla
1137 1631 1325 1688 dispositi
1357 1631 1637 1688 speculatores

160 1700 260 1742 alios
294 1699 411 1756 ignes
444 1700 738 1752 accenderunt,
770 1701 903 1742 donec
934 1700 1107 1742 ultimus
1140 1715 1165 1741 a
1202 1708 1343 1742 nostro
1377 1701 1636 1757 speculatore

160 1768 342 1826 conspici
362 1778 514 1826 posset.
549 1770 683 1811 SCH.
745 1768 939 1825 AEschyli
959 1768 1012 1810 de
1041 1768 1255 1825 signorum
1286 1768 1504 1825 igneorum
1537 1784 1634 1811 con-

162 1839 278 1881 tinua
299 1838 402 1880 serie
430 1838 707 1880 narrationem
738 1836 812 1893 qui
842 1836 1094 1878 examinavit
1123 1836 1346 1893 diligenter
1367 1838 1570 1894 Mongez.
1594 1838 1636 1879 in

163 1909 294 1949 Mem.
317 1908 425 1949 Nov.
448 1906 586 1948 Acad.
610 1907 742 1947 Inscr.
759 1905 839 1947 vol.
857 1916 899 1961 5.
916 1920 1054 1947 veram
1076 1921 1163 1947 esse
1181 1905 1311 1947 videri
1332 1906 1636 1962 pronuntiavit.

163 1976 528 2017 BOISSONAD.

222 2045 318 2087 282.
360 2043 810 2099 φρυκτὸς-ἔπεμπεν]
852 2042 970 2084 Ordo
1004 2042 1228 2084 verborum
1261 2052 1343 2084 est:
1391 2043 1563 2096 φρυκτὸς
1595 2045 1639 2084 δὲ

163 2113 336 2166 φρυκτὸν
356 2111 533 2166 ἀγγάρου
554 2111 674 2164 πυρὸς
693 2113 808 2164 δεῦρο
828 2110 1077 2164 ἀπέπεμπεν.
1110 2111 1246 2153 SCH.

220 2180 397 2235 ἀγγάρου
428 2181 572 2237 Etym.
607 2180 672 2220 M.
703 2194 746 2236 p.
772 2191 812 2232 7,
831 2181 897 2221 18.
928 2189 1150 2236 grammat.
1182 2179 1224 2220 in
1257 2178 1440 2220 Bekkeri
1471 2179 1637 2221 Anecd.

163 2267 206 2308 p.
235 2261 333 2307 325.
366 2249 518 2291 Suidas
548 2264 579 2290 s.
603 2264 641 2290 ν.
676 2249 852 2301 ἄγγαρος
878 2258 919 2290 et
941 2249 1138 2291 Eustath.
1161 2264 1202 2305 p.
1222 2249 1348 2304 1854,
1372 2258 1439 2302 27.
1463 2248 1639 2302 ἀγγέλου

164 2319 273 2361 libri.

221 2387 414 2442 ἀγγάρου]
447 2386 516 2427 Sic
546 2385 791 2427 dicebantur
812 2387 1035 2427 Persarum
1067 2385 1280 2427 tabellarii.
1313 2387 1351 2426 οἳ
1382 2385 1426 2426 ἐκ
1456 2387 1641 2438 διαδοχῆς

164 2456 505 2511 γραμματηφόροι.
537 2455 575 2495 οἱ
596 2454 706 2495 αὐτοὶ
736 2454 779 2495 δὲ
800 2455 864 2496 καὶ
885 2454 1093 2496 ἀστάνδαι.
1123 2453 1288 2508 λέγεται
1316 2455 1359 2494 δὲ
1381 2454 1444 2495 καὶ
1465 2455 1638 2507 ἀγγαρο-

164 2528 305 2579 φορεῖν
327 2524 391 2564 ἐπὶ
411 2525 479 2564 τοῦ
498 2522 644 2575 φορτία
664 2521 817 2575 φέρειν.
849 2524 970 2566 οὕτως
987 2521 1150 2576 Ὠρίων.
1181 2524 1370 2579 Etymol.
1389 2523 1455 2564 M.
1477 2538 1521 2579 p.
1540 2524 1579 2573 6,
1597 2536 1638 2575 4.

168 2592 256 2647 (Cf.
278 2591 438 2633 Athen.
460 2603 501 2645 3.
523 2605 567 2646 p.
594 2602 689 2633 122.
712 2592 791 2642 Α.)
858 2591 979 2632 Idem
1001 2606 1045 2648 p.
1069 2602 1110 2646 7,
1129 2591 1195 2633 18.
1216 2592 1423 2645 Αἰσχύλος
1451 2592 1496 2632 ἐν
1514 2589 1638 2643 Ἀγα-

163 2662 342 2715 μέμνονι,
364 2659 436 2701 τὸν
456 2660 499 2700 ἐκ
519 2661 703 2713 διαδοχῆς
721 2659 889 2712 πυρσὸν,
913 2659 977 2701 ἀπ’
1001 2659 1180 2713 ἀγγάρου
1199 2659 1323 2713 πυρὸς
1345 2660 1435 2713 ἔφη.
1457 2658 1638 2716 priorem

163 2730 341 2788 glossam
370 2743 422 2768 ex
446 2726 562 2767 AElio
583 2726 804 2783 Dionysio,
825 2727 1097 2784 grammatico
1127 2728 1265 2778 docto,
1287 2727 1521 2769 desumtam
1552 2742 1640 2768 esse

164 2797 361 2840 discimus
381 2812 430 2838 ex
454 2794 650 2837 Eustath.
672 2794 725 2835 ad
748 2795 900 2852 Odyss.
925 2797 980 2837 T.
1002 2811 1043 2852 p.
1068 2796 1194 2851 1854,
1219 2797 1285 2839 26.
1315 2795 1488 2836 eandem
1514 2794 1640 2836 habet

167 2868 271 2908 Lex.
306 2865 494 2922 Seguier.
526 2880 570 2921 p.
603 2876 700 2919 325.
733 2864 798 2905 ed.
829 2864 1011 2906 Bekker.
1044 2863 1253 2906 Herodot.
1283 2864 1322 2916 8,
1352 2865 1419 2920 98.
1451 2865 1560 2906 ὅσων
1590 2863 1640 2905 ἂν

165 2934 342 2989 ἡμερέων
361 2935 385 2986 ἡ
405 2937 516 2975 πᾶσα
536 2932 637 2980 ὁδὸς,
659 2936 843 2975 τοσοῦτοι
864 2934 976 2976 ἵπποι
996 2951 1040 2975 τε
1068 2933 1131 2975 καὶ
1161 2933 1302 2987 ἄνδρες
1331 2935 1511 2975 διεστᾶσι
1542 2934 1640 2975 κατὰ

836 3017 865 3043 Y
887 3018 915 3059 y
939 3014 962 3045 2
