1962 3224
356 202 440 242 434
825 201 1324 242 ANNOTATIONES

417 313 482 352 28.
503 310 698 366 ἔφλαδον]
719 312 1023 352 Dissiluerunt.
1039 311 1223 367 Etymol.
1244 312 1309 351 M.
1328 326 1370 366 p.
1386 323 1483 364 403,
1500 310 1570 360 48.
1586 308 1794 360 Ἐφλαδον

360 380 540 431 σημαίνει
567 378 611 419 τὸ
643 379 845 431 ἓσχίσθην,
866 376 890 428 ἢ
918 377 1128 428 ἐθλάσθην,
1149 376 1172 428 ἢ
1194 377 1411 430 διερράγην,
1434 377 1485 419 ὥσ
1503 381 1626 428 φησιν
1647 373 1793 425 Αἰσχύ-

361 451 444 493 λος,
464 447 695 498 λινοφθόροι
713 444 955 498 ὑφασμάτων
974 445 1130 486 λακίδες
1156 444 1331 496 ἔφλαδον
1350 442 1411 484 ὑπ’
1434 443 1588 495 ἄλγεσι.
1619 441 1724 491 παρὰ
1752 437 1795 478 τὸ

365 515 458 560 θλῶ,
481 515 576 553 κατὰ
604 511 762 564 τροπήν,
785 516 889 563 φλῶ,
913 510 1148 563 παράγωγον
1173 510 1318 562 φλάζω·
1351 511 1371 549 ὁ
1402 510 1577 560 δεύτερος
1606 505 1795 558 ἀόριστος,

366 579 552 631 ἔφλαδον·
602 579 652 621 ὡς
689 577 806 631 χάζω,
841 577 995 630 ἔχαδον.
1055 577 1122 616 Ex
1159 575 1447 631 Aristophanis
1482 573 1593 615 Pluti
1628 588 1665 613 v,
1700 573 1796 625 693.

365 645 512 686 collato
541 660 634 686 cum
658 660 693 685 v.
717 645 809 698 718.
831 653 945 700 patet
968 643 1080 683 verbi
1109 645 1218 695 φλᾶν
1243 641 1494 697 significatio,
1521 654 1611 680 cum
1640 639 1798 693 crepitu

367 713 537 767 quodam
551 713 780 768 flangere.
840 710 993 751 Confer
1023 709 1199 749 Theocr.
1224 708 1355 762 5,48.
1387 707 1614 748 BLOMF.
1675 704 1799 745 Scho-

368 778 498 828 liasta,
518 779 562 818 τὸ
584 778 682 828 ἑξῆς,
704 779 741 818 οἱ
761 779 803 817 δὲ
824 776 1032 827 στολισμοὶ
1050 779 1124 815 τῶν
1143 773 1384 827 ὑφασμάτων
1403 773 1498 825 πρὸς
1521 777 1601 814 τοῖς
1627 771 1801 822 στέρνοις

370 844 599 897 λινοφθόροι
618 845 773 886 λακίδες
794 842 1027 894 ε’ρράγησαν.

429 934 493 975 29.
523 920 754 973 πρόστερνοι
782 918 970 973 στολμοί]
996 919 1180 958 Ornatus
1203 917 1435 973 pectoralis.
1494 913 1715 969 Appositio
1742 922 1800 953 est

370 988 422 1030 ad
452 989 620 1030 λακίδες.
679 989 839 1041 Nempe
868 985 983 1025 istam
1015 993 1170 1039 partem
1202 983 1373 1023 amictus
1406 980 1446 1020 in
1480 980 1618 1020 dolore
1650 979 1802 1019 scinde-

370 1054 482 1095 bant.
522 1055 634 1094 Pers.
652 1054 772 1094 1061.
803 1051 968 1092 Πέπλον
998 1049 1028 1091 δ’
1061 1050 1184 1102 ἔρεικε
1215 1050 1393 1090 κολπίαν.
1427 1046 1653 1086 BLOMF.
1683 1043 1803 1097 πρόσ-

372 1123 503 1194 τελνοι
523 1152 589 1191 Μ.
618 1150 853 1203 πρόστελνοι
873 1148 974 1189 Ald.
996 1147 1103 1188 Rob.

428 1242 496 1284 32.
517 1228 691 1282 ὀρθόθριξ
711 1226 841 1280 φόβος
861 1225 1080 1267 Heathius.
1141 1223 1378 1279 Legebatur
1398 1221 1527 1275 φόβος
1547 1219 1738 1273 ὀρθόθριξ.

430 1306 627 1361 ὀρθόθριξ]
652 1306 834 1361 Capillos
863 1305 1042 1359 erigens.
1074 1300 1264 1356 Sophocl.
1285 1300 1390 1340 OEd.
1413 1301 1462 1340 C.
1483 1301 1602 1353 1623.
1628 1297 1806 1338 stanleio

374 1373 533 1421 citatus,
565 1373 722 1426 φθέγμα
751 1371 781 1412 δ’
814 1371 997 1423 ἐξαίφνης
1031 1369 1136 1411 τινὸς
1171 1369 1331 1418 Θώϋξεν
1366 1366 1495 1413 αὐτὸν,
1531 1367 1631 1406 ὥστε
1660 1364 1806 1407 πάν-τας

375 1442 505 1492 ὀρθίας
526 1442 672 1490 Στῆσαι
692 1436 808 1492 φόβῳ
827 1438 1032 1478 δείσαντας
1052 1436 1235 1487 ἐξαίφνης
1254 1435 1399 1487 τρίχας.
1435 1432 1659 1473 BLOMF.

431 1505 560 1559 φόβος
580 1506 647 1546 Μ.
671 1506 806 1545 Turn.
829 1503 973 1558 steph.
1005 1505 1147 1555 φοῖβος
1168 1500 1309 1542 Guelf.
1332 1499 1430 1540 Ald.
1456 1499 1566 1539 Rob.

429 1585 500 1627 33.
526 1574 567 1622 ἐξ
585 1570 721 1624 ὕπνου]
745 1569 878 1610 Schol.
900 1568 945 1610 δι’
965 1570 1099 1609 ὕπνου.
1159 1566 1412 1608 Abreschius
1440 1565 1596 1606 confert
1626 1566 1722 1618 916.
1747 1562 1805 1603 9Η

376 1639 495 1691 κάρτα
513 1638 648 1689 μάντις
667 1637 746 1687 οὑ’ξ
765 1636 974 1688 ὀνειράτων
994 1634 1133 1688 φόβος.
1193 1633 1369 1674 Locutio
1394 1631 1508 1674 κότον
1526 1636 1640 1673 πνεῖν
1659 1631 1806 1671 iterum

375 1704 550 1746 occurrit
571 1716 665 1758 952.
698 1703 922 1743 BLOMF.

433 1786 499 1827 34.
531 1769 792 1825 ἀωρόνυκτον]
823 1770 930 1825 quod
954 1771 1195 1824 intempesta
1219 1774 1332 1808 nocte
1342 1769 1417 1822 fit.
1450 1766 1628 1806 Theocr.
1651 1778 1717 1816 24,
1737 1766 1808 1819 38.

368 1838 428 1879 *H
450 1839 494 1878 οὐ
515 1837 638 1878 νοέεις
657 1837 715 1876 ὅτι
736 1836 870 1878 νυκτὸς
889 1837 986 1888 ὀιωρί
1002 1852 1075 1875 που
1096 1836 1175 1875 οἵδε
1196 1851 1237 1875 τε
1257 1838 1382 1887 τοῖχοι
1400 1833 1540 1875 πάντες
1566 1831 1807 1884 ἀριφραδέες,

378 1907 544 1957 καθαρᾶς
562 1903 653 1954 ἄτερ
673 1903 950 1954 ἠριγενείας-
970 1920 979 1948 ;
1013 1901 1242 1942 BLOMF.

434 1984 457 2024 3
462 1985 500 2024 5.
524 1969 659 2022 ἔλακε]
684 1970 805 2022 ἔλαχε
827 1968 967 2009 Guelf.
992 1970 1152 2023 (super)
1175 1966 1278 2007 Ald.
1301 1976 1339 2007 et
1361 1965 1488 2006 codex
1512 1964 1753 2006 Robortelli.

434 2037 521 2089 περὶ
540 2035 671 2091 φόβῳ]
691 2033 918 2087 περιφόβως
939 2035 1103 2075 Portus.
1135 2033 1388 2074 Abreschius
1408 2032 1564 2073 confert
1580 2033 1696 2072 Pers.
1717 2041 1809 2084 700.

380 2103 555 2155 Σέβομαι
585 2101 615 2142 δ’
652 2103 764 2142 ἀντία
796 2101 907 2151 λέξαι
942 2100 1065 2141 Σέθεν
1097 2101 1245 2155 ἀρχαίῳ
1273 2100 1360 2152 περὶ
1393 2098 1543 2151 τάρβει.
1584 2098 1811 2139 BLOMF.

379 2169 603 2223 περιφόβως
623 2184 705 2209 una
724 2183 815 2208 cum
837 2167 914 2208 alia
934 2168 1166 2222 conjectura
1184 2168 1405 2218 περίφοβον
1427 2164 1629 2206 stanleius
1648 2180 1814 2220 quoque

380 2246 605 2292 proposult.

435 2305 503 2357 36.
534 2303 810 2354 γυναικείοισιν
841 2301 982 2354 Steph.
1019 2300 1275 2352 γυναικίοισιν
1302 2299 1394 2339 libri
1422 2298 1583 2353 reliqui.
1615 2302 1815 2351 γυναικεῖα

381 2379 517 2411 autem
562 2369 717 2419 δώματα
764 2366 875 2416 dicit,
913 2367 1009 2421 quia
1049 2366 1133 2406 viro
1181 2374 1276 2405 sunt
1322 2367 1463 2406 orbata
1502 2366 1814 2420 Agamemnone

381 2451 526 2477 ocelso.

440 2503 562 2555 βαρὺς
580 2501 743 2554 πίτνων]
766 2500 888 2552 βαρὺς
908 2503 1051 2540 πιτνῶν
1074 2500 1138 2539 Μ.
1161 2499 1269 2539 Rob.
1303 2503 1550 2551 βαρυπιτνῶν
1575 2499 1676 2539 Ald.
1713 2499 1816 2550 βαρὺ

382 2573 527 2611 πιτνῶν
548 2569 682 2608 Turn.
704 2567 846 2622 Steph.

441 2649 507 2689 37.
529 2652 571 2675 τε
591 2633 750 2674 addidit
770 2635 990 2674 Porsonus.

441 2704 507 2756 38.
532 2701 693 2753 ἔλακον]
719 2700 865 2753 ἔλαχον
886 2698 1027 2740 Guelf.
1048 2698 1149 2739 Ald.
1174 2699 1281 2739 Rob.

441 2768 642 2821 ὑπέγγυοι]
667 2768 897 2822 Spomione
916 2766 1085 2806 addicti.
1107 2764 1256 2820 Eurip.
1281 2766 1386 2805 Hec.
1408 2777 1524 2806 1020.
1545 2765 1587 2805 τὸ
1607 2767 1681 2817 γὰρ
1701 2764 1818 2817 ὑπέγ-

386 2852 482 2887 γυον
506 2833 514 2888 Ι
539 2835 623 2888 δίκᾳ
653 2833 714 2873 καὶ
742 2836 890 2873 θεοῖσιν
915 2832 960 2872 οὗ
989 2832 1198 2881 ξυμπίτνει,
1225 2832 1233 2885 Ι
1259 2831 1450 2882 ὀλέθριον,
1479 2831 1658 2883 ὀλέθριον
1687 2831 1816 2872 κακόν.

388 2900 589 2941 Herodot.
611 2913 654 2953 5,
677 2911 743 2952 75.
777 2900 930 2941 τούτους
959 2897 1163 2938 ἆνιστέασι
1191 2899 1263 2947 μὲν
1283 2900 1319 2938 οἱ
1343 2898 1523 2950 πρυτάνις
1542 2901 1616 2938 τῶν
1637 2899 1814 2950 Ναυκρά,
