1962 3224
383 181 468 225 598
858 186 1351 229 ANNOTATIONES

382 290 477 345 (nisi
497 292 610 347 quod
638 294 905 347 παλαγμάτων
933 311 984 336 ex
1014 311 1088 337 suo
1116 296 1325 338 annotavit
1345 296 1630 350 Robortellus)
1651 307 1692 338 et
1711 299 1816 341 Ald.

382 358 492 399 unde
511 363 587 400 τῶυ
613 360 880 414 παλαγμάτων
902 363 1036 403 Turn.
1066 363 1207 419 Steph.
1254 363 1522 405 Scribendum
1543 365 1817 417 παλλακευμά-

380 442 471 467 των.
505 427 693 469 Delenda
711 427 869 469 lacunae
886 428 1014 484 signa,
1029 444 1125 485 quae
1139 439 1233 485 post
1251 430 1362 471 hunc
1377 445 1536 471 versum
1558 430 1695 486 posuit
1713 432 1814 472 Por-

379 507 514 533 sonus.
574 494 692 535 Idem
713 494 753 535 in
775 510 823 535 eo
843 495 991 536 erravit
1010 496 1122 551 quod
1143 496 1253 537 hunc
1273 511 1437 538 versum
1458 497 1543 552 regi
1563 496 1722 538 tribuit.

436 570 530 613 299.
551 563 651 611 βοῦν
669 560 739 611 τὴν
761 562 974 602 Canterus.
1005 563 1153 614 βούτην
1172 561 1278 603 libri.

432 624 593 678 Ἀργεία
624 626 730 681 θεός]
761 628 888 668 Juno.
924 629 971 669 V.
995 629 1120 670 Hom.
1144 628 1195 669 Il.
1219 632 1270 679 Δ,
1293 629 1330 670 8.
1364 627 1508 683 virgil.
1532 629 1631 669 AEn.
1651 642 1694 685 3,
1714 639 1812 684 547.

379 692 599 733 STANL.

432 771 528 813 300.
550 758 708 814 οὐκοῦν]
733 760 999 801 Scribendum
1024 762 1161 802 οὔκουν
1180 775 1274 802 cum
1298 760 1532 803 Schuetzio.

433 824 511 877 ἐπ’]
537 824 587 865 ἔτ’
612 825 866 868 Schuetzius.

433 891 634 947 εὐκραίρῳ]
662 893 821 947 εὐκαίρῳ
843 893 905 934 Μ.

430 968 527 1010 301.
548 956 759 1011 πρέποντα]
781 957 997 1009 πρέποντας
1017 959 1081 999 Μ.
1106 957 1206 999 Ald.
1238 958 1428 1011 τρέποντα
1449 958 1559 1000 Rob.

428 1035 524 1077 302.
556 1026 650 1074 δῆτα
671 1025 806 1065 Turn.
833 1024 922 1079 (qui
951 1024 1176 1080 typothetae
1203 1024 1326 1081 culpa
1355 1027 1466 1079 δῆθα)
1491 1025 1632 1082 Steph.
1654 1026 1812 1068 codices

372 1100 413 1131 et
432 1090 533 1131 Ald.
558 1090 667 1131 Rob.

428 1156 530 1198 ταῦτ’
551 1158 699 1210 ἄλοχος
720 1159 862 1211 ἰσχυρὰ
882 1159 977 1201 Διός
999 1158 1205 1199 Pauwius.
1235 1161 1355 1199 ταῦτα
1373 1161 1508 1213 λόχοις
1526 1160 1649 1213 ὀχυρὰ
1665 1159 1806 1203 Guelf.

370 1224 472 1265 Ald.
516 1223 619 1265 ταῦτ’
641 1225 788 1279 ἄλοχος
807 1226 930 1278 ὀχυρὰ
950 1226 1045 1268 Διός
1067 1226 1202 1266 Turn.
1226 1225 1367 1281 Steph.
1402 1225 1504 1267 ταῦτ’
1526 1227 1675 1279 ἄλοχος
1697 1225 1809 1279 Ἵ-Ιρα

372 1292 467 1335 Διός
497 1291 606 1332 Rob.
638 1290 709 1346 qui
742 1290 890 1332 codicis
921 1291 983 1332 sui
1010 1291 1252 1348 scripturam
1286 1296 1407 1333 ταῦτα
1439 1294 1574 1347 λόχοις
1602 1295 1810 1347 χυραδίους

369 1367 580 1400 memorat.
610 1362 731 1399 ταῦτα
749 1359 886 1412 λόχοις
905 1363 1085 1413 χυραδιος
1106 1360 1169 1401 M.

424 1437 522 1479 303.
554 1424 625 1465 τὸν
656 1423 770 1465 πάνθ’
793 1426 959 1477 ὁρῶντα]
989 1426 1084 1466 Non
1113 1426 1253 1467 omnia
1281 1431 1507 1466 cernentem
1537 1425 1608 1466 sed
1627 1439 1679 1466 eoe
1696 1427 1808 1468 omni

358 1498 482 1547 parte
518 1497 772 1538 cernentem‚·
806 1491 916 1532 unde
948 1493 1146 1544 πανόπτης
1179 1492 1339 1533 dictus:
1370 1490 1463 1532 licet
1495 1492 1602 1533 enim
1635 1492 1807 1535 Ovidius

367 1568 531 1599 centum
551 1558 691 1599 oculos
710 1557 751 1598 in
772 1558 903 1613 capite
923 1558 1019 1599 sitos
1039 1559 1076 1599 ei
1096 1558 1264 1608 tribuat,
1286 1559 1460 1600 Metam.
1485 1572 1523 1608 Ι,
1544 1561 1639 1614 625.

479 1649 656 1689 Centum
674 1645 896 1687 luminibus
916 1646 1094 1687 cinctum
1113 1655 1238 1703 caput
1257 1647 1401 1701 Argus
1421 1645 1613 1697 habebat,

366 1755 500 1788 tamen
520 1747 587 1789 alii
616 1755 702 1788 toto
720 1761 888 1802 corpore
908 1745 1114 1787 oculatum
1135 1745 1260 1786 fuisse
1280 1745 1475 1786 referunt.
1523 1744 1805 1800 Apollodorus

367 1828 404 1859 2.
440 1829 474 1856 Ι.
510 1817 659 1857 Τούτου
694 1816 736 1855 δὲ
764 1813 911 1867 Ἀργος
945 1815 965 1853 ὁ
995 1814 1192 1864 πανόπτης
1228 1812 1454 1865 λεγόμενος.
1500 1811 1583 1865 εἶχε
1622 1813 1664 1852 δὲ
1694 1813 1805 1856 οὗτος

364 1883 592 1935 ὀφθαλμοὺς
610 1883 683 1934 μὲν
704 1883 747 1922 ἐν
766 1881 880 1922 παντὶ
901 1881 953 1935 τῷ
975 1881 1136 1931 σώματι.
1194 1878 1472 1935 Etymologus
1490 1894 1531 1935 p.
1558 1881 1651 1934 136,
1671 1889 1741 1934 37.
1761 1879 1804 1921 in

364 1950 416 1990 V.
450 1949 743 2002 Ἀργειφόντης,
773 1946 911 2000 ’Έχων
951 1947 995 1987 ἐν
1033 1946 1113 2000 ὅλῳ
1146 1946 1198 2000 τῷ
1229 1947 1378 1997 σώματι
1412 1945 1528 1986 αὐτοῦ
1564 1947 1803 1998 ὀφθαλμούς.

364 2016 540 2058 Plautus
560 2015 750 2057 Aulular.
772 2028 812 2070 3,
835 2015 877 2064 6,
903 2027 966 2068 19.
1000 2014 1110 2060 Quos
1138 2014 1176 2054 si
1200 2013 1348 2069 Argus
1376 2019 1521 2064 servet,
1542 2014 1614 2069 qui
1641 2013 1803 2054 oculeus

363 2085 589 2139 totusficit.
650 2081 864 2123 claudian.
887 2080 939 2121 de
959 2079 1115 2120 laudib.
1139 2079 1296 2120 Stilich.
1320 2091 1388 2130 21,
1408 2091 1506 2133 312.

476 2195 643 2250 Argum
663 2193 772 2233 fama
792 2192 915 2232 refert
930 2201 1100 2232 centeno
1120 2190 1272 2231 lumine
1292 2190 1471 2231 cinctum

477 2260 670 2316 Corporis
689 2258 870 2300 excubiis
892 2273 1014 2298 unam
1033 2273 1210 2298 servasse
1224 2258 1459 2313 juvencam.
1512 2257 1731 2298 STANL.

418 2384 516 2425 305.
551 2374 670 2412 παῖδα
686 2363 693 2368 ⁴
707 2369 795 2423 γῆς]
833 2367 1041 2409 Prometh.
1076 2378 1174 2421 570.
1219 2369 1381 2409 εἴδωλον
1408 2367 1560 2421 Ἀργου
1598 2371 1798 2420 γηγενοῦς.

364 2438 582 2478 STANL.

417 2505 513 2558 306.
536 2502 704 2556 ἔτευξεν]
725 2502 853 2552 ἔτευξε
873 2501 903 2542 δ’
927 2502 992 2542 Μ.
1016 2501 1155 2542 Guelf.
1178 2500 1280 2541 Ald.
1302 2500 1412 2542 Rob.

415 2584 514 2625 307.
545 2569 911 2622 μύωπα-οἶστρον]
950 2567 1134 2623 Hesych.
1168 2568 1314 2620 Μύωψ·
1360 2565 1453 2619 μυῖά
1487 2583 1543 2610 τις
1573 2568 1797 2620 ἐρεθίζουσα

360 2641 429 2682 τὰς
456 2642 553 2691 βοῦς
580 2638 641 2679 καὶ
673 2640 748 2678 πᾶν
771 2638 866 2686 ζῶον
893 2637 1125 2676 ἐλαύνουσα·
1156 2635 1310 2688 οἶστρος
1327 2636 1449 2686 μόνον
1467 2638 1580 2686 βοῦν.
1642 2633 1796 2675 Salma-

360 2706 465 2747 sius:
498 2705 604 2746 hanc
624 2703 766 2745 statuit
789 2702 1057 2759 (Hesychius)
1081 2702 1187 2743 inter
1205 2703 1343 2754 μύωπα
1372 2710 1413 2742 et
1433 2701 1591 2753 οἶστρον
1611 2700 1798 2741 differen-

359 2773 472 2822 tiam,
496 2781 541 2812 ut
558 2772 677 2824 μύωψ
697 2770 747 2811 sit
766 2774 858 2821 μυῖα
876 2773 955 2810 πᾶν
977 2770 1074 2819 ζῶον
1095 2769 1328 2819 ἐλαύνουσα,
1351 2768 1505 2821 οἶστρος
1523 2776 1658 2809 autem
1674 2769 1797 2819 μόνον

358 2843 460 2891 βοῦν
482 2839 718 2880 ἐλαύνουσα.
750 2836 854 2877 Vide
876 2835 981 2877 Poll.
998 2846 1038 2889 7,
1057 2846 1121 2889 17.
1144 2834 1383 2876 Callimach.
1404 2835 1653 2890 Fragm.46.
1672 2839 1796 2886 βουσ-

358 2909 456 2949 σόον
474 2907 564 2948 ὅντε
582 2906 720 2957 μύωπα
737 2908 846 2956 βοῶν
868 2903 1077 2945 καλέουσιν
1097 2903 1277 2956 ἆμορβοί.
1309 2902 1530 2944 STANL.
