1962 3224
398 201 483 244 376
895 205 1387 246 ANNOTATIONES

397 310 480 351 nid.
511 311 598 363 περὶ
627 327 711 363 γυν.
750 324 783 350 1.
814 312 931 364 χωρὶς
959 311 1140 364 γυναικὸς
1162 312 1248 354 θεὸς
1275 314 1456 364 ἐποίησεν
1481 315 1574 355 νόον
1605 318 1665 355 Τὰ
1690 321 1836 368 πρῶτα.

396 391 579 418 seorsum
600 391 627 416 a
647 378 766 418 viris.
796 378 909 432 quod
936 388 1069 420 tamen
1090 379 1206 420 aliter
1227 380 1399 436 explicat
1424 381 1614 422 Schaefer.
1635 382 1686 422 ad
1709 383 1832 424 Dion.

400 443 500 484 Hal.
523 459 563 499 p.
582 456 675 498 292.
711 445 940 486 BLOMF.

455 512 549 563 640.
589 511 718 565 ἕλκος]
760 512 945 553 Eandem
988 513 1266 568 metaphoram
1306 514 1472 555 adhibet
1511 514 1633 555 Solon
1673 525 1734 569 15,
1770 526 1836 569 17.

399 578 515 632 ταύτῃ
546 577 591 628 δὴ
620 577 727 634 πάσῃ
758 580 873 619 πόλει
900 579 1055 632 ἔρχεται
1089 580 1200 622 ἕλκος
1223 582 1406 634 ἄφυκτον.
1458 582 1719 622 Constructio
1749 592 1832 629 est;

397 658 521 699 quum
552 647 729 686 nuntius
760 646 899 700 adfert
931 647 1219 696 calam-itatem,
1251 649 1432 688 exercitu
1463 645 1689 698 interemto,
1722 664 1833 688 nun-

397 712 508 752 tians
528 726 658 752 unum
679 713 829 754 vulnus
856 713 1017 753 civitati
1043 714 1252 763 accidisse,
1273 728 1414 769 nempe
1437 715 1662 769 publicum,
1683 721 1721 755 et
1739 716 1836 756 alte-

397 793 491 819 rum
511 781 681 830 civibus,
704 781 851 821 multos
870 795 922 820 ιη’
941 780 1081 820 multis
1083 781 1278 834 familiis
1298 781 1648 822 intercidisse—et
1675 783 1734 822 sic
1760 782 1834 822 du-

393 845 540 900 plicem
560 847 849 895 calamitatem,
870 852 1082 887 cruentum
1100 847 1302 887 malorum
1314 848 1559 902 par—talia
1579 849 1748 903 inquam
1764 851 1835 904 qui

397 912 509 951 mala
528 912 681 966 adfirt,
704 922 777 953 etc.
812 913 1042 953 BLOMF.

455 979 550 1029 641.
581 979 772 1035 πολλοὺς]
797 979 883 1020 Uni
903 979 1073 1020 civitatis
1095 980 1218 1020 ulceri
1238 990 1505 1035 opponuntur
1525 981 1665 1022 multae
1695 981 1834 1037 singu-

397 1043 528 1084 lorum
549 1044 695 1085 civium
724 1045 877 1085 caedes:
911 1061 1006 1100 quae
1032 1046 1186 1102 duplex
1208 1047 1411 1088 calamitas
1432 1048 1684 1103 significatur
1706 1049 1836 1090 verbis

398 1112 512 1162 διπλῇ
532 1110 703 1163 μάστιγι.
738 1112 925 1152 ΒΟΤΗ.
977 1113 1035 1153 Et
1057 1113 1187 1154 verbis
1208 1114 1398 1167 δίλογχον
1418 1115 1525 1165 ἄτην.

455 1177 749 1232 ἐξαγισθέντας]
785 1180 1066 1229 Consecratos,
1099 1181 1217 1221 morti
1251 1181 1414 1231 scilicet,
1448 1193 1492 1223 ut
1519 1182 1733 1238 piacularis
1753 1184 1833 1225 vic—

398 1243 506 1284 tima.
569 1245 636 1285 Ita
667 1260 803 1286 vocem
836 1245 1011 1301 explicat
1042 1247 1248 1288 Pauwius.
1310 1248 1390 1288 Sed
1422 1249 1520 1288 nihil
1555 1249 1665 1290 aliud
1701 1251 1833 1291 valere

396 1320 499 1366 puto
521 1310 797 1364 ἐξαγισθέντας
827 1314 954 1364 δόμων
973 1329 1096 1368 quam
1128 1316 1170 1354 ἐκ
1200 1316 1327 1366 δόμων
1357 1315 1601 1368 ἁγισθέντας,
1623 1316 1650 1358 i.
1671 1332 1703 1358 e.
1726 1333 1831 1358 com-

396 1377 547 1428 bustos,
567 1377 628 1418 vel
648 1379 704 1418 ad
729 1381 967 1434 parentalia
990 1381 1126 1422 elatos.
1161 1383 1390 1422 BLOMF.
1452 1384 1533 1423 Per
1564 1383 1834 1435 ἐξορισθέντας

396 1443 572 1499 explicat
602 1444 825 1486 scholiasta.
869 1446 1172 1499 ἐκραπισθέντας
1199 1449 1370 1504 conjecit
1400 1450 1620 1506 Emperius
1649 1450 1688 1490 in
1720 1451 1832 1491 Zim-

397 1510 621 1551 mermanni
642 1511 785 1552 Diario
804 1528 838 1554 a.
860 1514 980 1568 1835.
1001 1529 1043 1568 p.
1063 1515 1155 1556 628.

456 1578 552 1633 643.
594 1579 694 1619 Post
733 1581 922 1632 ξυνωρίδα
960 1591 1159 1622 commate
1196 1597 1280 1622 esse
1317 1582 1692 1639 interpungendum
1733 1584 1833 1624 vidit

399 1644 602 1686 Pauwius.

455 1713 550 1764 644.
574 1713 823 1766 σεσαγμένον
844 1716 1064 1756 Porsonus.
1099 1717 1356 1769 σεσαγμένων
1376 1716 1480 1758 libri.

455 1781 550 1833 645.
570 1779 759 1833 Ἐρινύων
780 1781 1061 1823 Blomfieldus.
1104 1781 1318 1835 Ἐριννύων
1337 1784 1473 1840 vulgo.
1520 1785 1571 1825 In
1593 1785 1673 1826 fine
1692 1801 1833 1826 versus

397 1845 513 1885 colon
534 1855 725 1901 ponatur.

454 1913 548 1965 647.
581 1913 681 1953 Post
709 1915 826 1954 πόλιν
854 1929 1022 1969 pergere
1052 1914 1240 1966 debebat,
1267 1917 1311 1957 οὐ
1338 1917 1727 1970 πρέπει-συμμῖξαι,
1758 1934 1833 1973 pro

398 1993 483 2033 quo
522 1988 680 2020 mutata
726 1979 918 2021 orationis
961 1982 1093 2022 forma
1131 1981 1237 2024 dixit
1283 1983 1605 2036 πῶς-συμμίξω,
1665 1985 1834 2026 Monuit

398 2045 663 2087 Abreschius.

454 2113 549 2166 654.
572 2113 786 2165 ἀλλήλαισι
808 2115 863 2155 Τ.
895 2115 1093 2167 ἀλλήλῃσι
1113 2116 1247 2171 vulgo.

455 2181 552 2234 655.
574 2181 744 2235 ἤρεικον]
770 2181 929 2234 ἤρειπον
950 2183 1004 2223 Τ.
1026 2198 1118 2224 cum
1138 2183 1194 2239 gl.
1217 2183 1479 2235 κατέβαλλον,
1498 2184 1742 2237 συνέκρουον.

454 2249 776 2298 κεροτυπούμεναι
793 2249 1012 2289 Porsonus.
1044 2251 1372 2302 κερωτυπούμεναι
1391 2250 1495 2291 libri.

453 2314 547 2366 656.
573 2313 664 2369 σὺν]
686 2313 952 2355 Scribendum
975 2316 1042 2366 ξὺν
1062 2331 1153 2356 cum
1177 2317 1374 2357 Porsono.

454 2381 550 2434 657.
580 2380 765 2431 ποιμένος
785 2382 920 2435 κακοῦ]
946 2381 1027 2431 Qui
1047 2382 1098 2422 de
1118 2382 1205 2438 ipsa
1226 2390 1465 2438 tempestate
1493 2383 1726 2439 intelligunt
1750 2400 1829 2426 non

395 2446 590 2488 audiendi
609 2446 811 2487 videntur.
874 2449 998 2503 Saepe,
1010 2448 1052 2488 in
1074 2449 1380 2505 tempestatibus
1401 2450 1674 2492 describendis
1701 2462 1831 2506 poetae

396 2514 562 2555 rectoris
582 2514 738 2569 pavidi,
758 2514 942 2565 ποιμένος
962 2519 1080 2556 κακοῦ
1103 2520 1241 2571 (quam
1260 2517 1536 2572 metaphoram
1554 2517 1638 2572 ipse
1655 2519 1831 2574 AEschy-

396 2580 461 2622 lus
480 2581 603 2621 habet
625 2580 771 2636 Suppl.
793 2582 906 2634 768.)
931 2582 1174 2624 mentionem
1197 2583 1394 2639 injiciunt.
1428 2584 1548 2625 Ovid.
1571 2586 1743 2626 Metam.
1769 2599 1830 2635 11,

395 2661 494 2701 492.
515 2652 542 2672 “
557 2649 653 2703 Ipse
674 2657 793 2703 pavet
815 2663 887 2688 nec
917 2663 957 2688 se
978 2648 1049 2703 qui
1080 2649 1129 2690 sit
1154 2658 1283 2690 status
1311 2650 1397 2705 ipse
1426 2651 1579 2691 fatetur
1602 2652 1711 2693 Scire
1738 2652 1832 2692 ratis

396 2724 541 2764 rector,
562 2730 635 2755 nec
656 2714 756 2770 quid
771 2715 968 2770 jubeatve
989 2717 1183 2757 vetetve.”
1212 2718 1482 2758 BOISSON.

453 2784 547 2836 659.
580 2783 689 2824 Citat
722 2782 892 2838 scriptor
921 2783 1098 2825 incertus
1125 2785 1177 2826 de
1208 2785 1538 2826 Barbarismoad
1558 2785 1705 2826 calcem
1727 2787 1830 2826 Am-

399 2850 519 2890 monii
539 2865 579 2905 p.
602 2862 691 2904 197.
713 2850 775 2891 ed.
798 2850 941 2891 Valck.
964 2851 1033 2892 sed
1057 2854 1211 2904 Αἵγεον.
1244 2853 1468 2892 BLOMF.
