1962 3224
347 208 431 250 368
816 205 1310 248 ANNOTATIONES

347 319 628 376 ampliandum
644 333 798 360 censeo.
823 318 952 359 SCH.
990 316 1184 358 Pearsoni
1205 315 1527 358 emendationem
1550 323 1656 355 recte
1676 328 1784 354 rece-

347 387 409 443 pit
427 385 695 428 Blomfieldus
722 384 853 426 collat.
877 383 1066 440 Choeph.
1095 395 1184 438 134.
1217 385 1255 423 02
1284 381 1314 423 δ’
1335 383 1559 435 ὑπερκόπως
1584 379 1590 436 Ι
1618 382 1661 421 ἐν
1680 384 1784 421 τοῖσι

350 458 435 497 σοῖς
457 457 606 494 κακοῖσι
623 453 806 506 χλίουσιν
822 450 939 503 μέγα.

405 530 503 574 471.
535 519 663 573 κρίνω]
689 518 895 572 Praeflro.
943 516 1152 570 Optimum
1167 515 1330 570 judico.
1376 513 1523 568 Eurip.
1553 513 1669 554 Med.
1692 514 1785 563 641.

350 585 593 638 ἀπτολέμους
633 584 663 626 δ’
698 585 810 627 εὐνὰς
844 581 1040 634 σεβίζουσ’
1077 582 1255 635 ὀξύφρων
1290 582 1411 634 κρίνοι
1441 580 1541 633 λέχη
1581 583 1786 633 γυναικῶν.

350 654 577 695 BLOMF.

406 731 503 774 472·
523 720 623 774 μήτ’]
643 720 695 772 μὴ
716 720 746 760 δ’
769 723 834 764 F]-

406 788 665 843 πολιπόρθης]
691 788 953 831 Scribebatur
972 792 1244 843 πτολιπόρθης.
1289 790 1410 832 Conf.
1431 806 1471 830 v.
1494 791 1591 845 783.

409 866 507 917 476.
534 865 652 905 πόλιν
673 865 738 906 Fl.
768 866 838 917 τὴν
857 868 975 908 πόλιν
995 867 1134 922 vulgo.

408 951 504 994 477.
535 942 741 996 ἐτητύμως]
776 943 958 995 ἐτήτυμος
977 943 1079 985 liber
1100 943 1344 1000 Bigotianus
1363 953 1481 985 recte.

1197 1007 1221 1024 ΕΙ

408 1029 506 1082 478.
529 1028 554 1080 ἤ
573 1045 633 1069 τοι
653 1030 874 1073 PorsonuS.
911 1032 996 1084 ἥτοι
1014 1032 1155 1088 vulgo.
1191 1032 1216 1084 ἤ
1235 1049 1294 1073 τοι
1315 1032 1380 1074 Fl.
1413 1033 1679 1074 Scribendum
1701 1034 1726 1085 ἥ
1744 1050 1790 1075 τι.

411 1097 496 1136 ἐστι
519 1097 643 1149 (ἐστιν
664 1096 747 1150 Fl.)
770 1098 822 1149 μὴ
842 1099 984 1153 ψύθος]
1017 1098 1161 1140 Lectio
1187 1099 1240 1140 ab
1269 1098 1434 1140 librario
1464 1099 1706 1155 interpolata
1726 1099 1795 1141 tri-

354 1171 529 1202 metrum
552 1162 803 1206 restituente.
841 1165 1110 1206 Scribendum
1142 1167 1225 1206 ἐστι
1254 1167 1394 1218 ψύθος.
1428 1167 1522 1207 Non
1545 1166 1649 1207 male
1671 1168 1792 1208 Stan-

353 1228 456 1269 leius
475 1229 532 1272 τίς
551 1230 669 1280 οἶδεν,
690 1232 726 1271 εἴ
743 1248 801 1272 τοι
822 1233 928 1272 θεῖόν
949 1233 1058 1273 ἐστιν
1077 1230 1101 1283 ἢ
1121 1233 1248 1285 ψύθος
1263 1251 1272 1279 ;

411 1310 509 1354 479.
531 1305 685 1354 φρενῶν
706 1303 954 1357 κεκομμένος]
979 1304 1123 1344 Mente
1141 1304 1276 1344 laesus.
1307 1303 1465 1344 Eadem
1483 1304 1731 1345 constructio
1751 1304 1793 1344 in

357 1367 549 1423 Theogn.
578 1380 674 1422 223.
705 1369 831 1411 κεῖνός
859 1370 895 1421 ’γ’
920 1370 1056 1423 ἄφρων
1086 1370 1185 1419 ἐστὶ,
1214 1371 1306 1411 νόου
1328 1371 1611 1422 βεβλαμμένος
1635 1373 1794 1412 ἐσθλοῦ.

358 1434 700 1476 Subaudiendum
731 1446 867 1477 autem
899 1437 1016 1477 ὥστε.
1049 1437 1277 1477 BLOMF.
1337 1437 1404 1477 De
1434 1437 1731 1478 constructione
1755 1452 1795 1476 v.

358 1500 551 1542 Matthiae
570 1501 622 1542 ad
643 1501 792 1557 Eurip.
814 1503 947 1543 Orest.
969 1503 1064 1557 556.

412 1569 508 1620 481.
540 1568 779 1624 πυρωθέντα]
801 1569 1039 1619 Αεεεφιςιιηι,
1069 1584 1124 1610 sc.
1149 1584 1232 1625 spe.
1265 1568 1455 1625 Sophocl.
1477 1569 1550 1624 Aj.
1572 1571 1669 1623 478.
1691 1571 1799 1612 ὅστις

359 1639 533 1676 κεναῖσιν
554 1635 712 1676 ἐλπίσιν
733 1636 989 1688 θερμαίνεται.
1023 1635 1094 1677 ubi
1116 1635 1196 1677 vid.
1220 1635 1524 1692 Musgravium.
1555 1637 1782 1677 BLOMF.

415 1701 550 1754 ἔπειτ’]
577 1701 661 1742 ἔπει
686 1701 692 1757 Ι
720 1702 837 1742 ἔπειτ’
857 1701 922 1743 Fl.

413 1768 510 1820 482.
532 1768 656 1820 λόγου
679 1769 733 1809 Τ.
764 1770 909 1821 λόγους
929 1770 1065 1824 vulgo.

414 1835 510 1888 483.
532 1834 711 1886 γυναικὸς
731 1835 953 1875 Porsonus.
976 1836 1019 1875 ἐν
1040 1835 1220 1888 γυναικὸς
1239 1835 1345 1877 libri.
1405 1837 1534 1877 Hunc
1562 1836 1695 1876 locum
1726 1850 1798 1876 ex·-

357 1901 511 1957 plicant
547 1901 669 1942 verba
700 1901 1027 1957 Clytaemnestrae
1058 1916 1096 1941 v.
1127 1914 1223 1956 592.
1249 1901 1307 1943 ’H
1344 1902 1462 1956 κάρτα
1491 1904 1587 1956 πρὸς
1618 1904 1800 1957 γυναικὸς

359 1970 539 2020 αἴρεσθαι
596 1967 702 2020 κέαρ.
766 1969 911 2021 Λόγοις
958 1968 1143 2010 τοιούτοις
1190 1969 1390 2022 πλαγκτὸς
1438 1969 1521 2011 οῧσ’
1571 1971 1798 2023 ἐφαινόμην.

360 2036 589 2076 BLOMF.

415 2102 513 2154 484.
541 2101 656 2155 χάριν
677 2099 904 2152 ξυναινέσαι
926 2101 1162 2157 jucundum
1185 2102 1240 2143 rei
1262 2113 1453 2145 eventum
1475 2103 1721 2159 praedicare;
1756 2114 1801 2144 ut

360 2168 675 2224 Clytaemnestra
712 2168 848 2208 facum
898 2183 1155 2209 accensarum
1206 2169 1368 2224 signum
1408 2170 1460 2211 de
1497 2171 1801 2226 expugnatione

361 2235 518 2290 Trojae,
545 2250 629 2289 qua
658 2232 759 2275 nihil
787 2234 948 2275 Graecis
977 2234 1158 2290 optatius
1178 2236 1267 2277 fieri
1295 2246 1468 2291 poterat,
1497 2237 1798 2292 interpretatur.

359 2303 381 2342 ὁ
412 2304 530 2353 θῆλυς
559 2301 647 2353 ὅρος
676 2309 736 2341 est
759 2299 898 2355 opinio
917 2300 1098 2342 mulieris
1118 2301 1169 2341 de
1189 2317 1234 2342 re
1252 2304 1429 2357 quadam
1460 2313 1589 2358 gesta,
1610 2318 1733 2358 quam
1755 2319 1802 2344 ea

361 2383 521 2410 summa
549 2382 642 2408 cum
673 2366 823 2407 fiducia
856 2367 1104 2408 verissimam
1135 2382 1221 2409 esse
1252 2369 1448 2419 decernit,
1484 2385 1531 2410 ac
1562 2370 1730 2422 definit3
1759 2370 1801 2410 in

360 2452 445 2492 quo
473 2437 622 2477 iterum
651 2434 834 2490 carpitur
868 2434 1194 2490 Clytaemnestra.
1254 2437 1299 2487 Is
1332 2437 1422 2489 ὅρος
1448 2436 1598 2477 dicitur
1627 2436 1802 2486 πιθανὸς,

360 2518 442 2545 non
462 2503 651 2544 credulus
674 2504 738 2554 (ut
756 2501 883 2557 vulgo
902 2501 1054 2557 intpp.)
1078 2502 1148 2543 sed
1168 2502 1219 2543 ad
1237 2503 1572 2558 persuadendum
1587 2517 1803 2544 accommo-

359 2571 510 2617 datu83
544 2568 735 2610 nimirum
756 2568 855 2624 quia
874 2583 1057 2610 rumores
1087 2584 1235 2625 magna
1254 2585 1346 2610 cum
1369 2569 1519 2610 fiducia
1539 2579 1580 2610 et
1607 2569 1804 2625 gestiente

360 2636 517 2687 laetitia,
538 2635 886 2692 quemadmodum
907 2635 995 2676 fieri
1025 2636 1126 2678 solet
1154 2652 1179 2677 a
1205 2636 1459 2685 mulieribus,
1479 2635 1675 2692 dissipati,
1697 2636 1802 2677 mul-

361 2712 424 2744 tos
443 2702 497 2744 ad
517 2702 767 2744 credendum
789 2702 1031 2753 accendunt,
1053 2703 1207 2745 etiamsi
1228 2703 1347 2744 certis
1368 2703 1547 2744 veritatis
1578 2702 1805 2758 insignibus

360 2779 537 2811 careant.
596 2769 746 2810 Acrior
775 2778 912 2810 autem
947 2770 994 2811 fit
1022 2770 1134 2811 chori
1165 2769 1367 2812 cavillatio
1400 2769 1596 2827 oppositis
1625 2769 1731 2810 inter
1763 2783 1803 2809 se

360 2838 578 2890 ταχύπορος
597 2846 637 2878 et
657 2837 889 2890 ταχύμορον.
924 2838 1054 2878 SCH.
