1962 3224
583 190 673 230 AD
703 189 1242 232 AGAMEMNONEM.
1565 191 1646 232 411

244 300 366 356 1289.
386 299 521 354 πράξω
541 315 678 343 errore
695 301 851 343 librarii
869 302 1050 359 positum
1073 311 1245 359 propter
1264 318 1304 344 v.
1324 304 1446 357 1287.
1509 303 1649 345 Corri-

181 368 366 425 gendum
387 370 493 423 κᾶγὼ
513 384 608 411 cum
631 369 820 411 Heathio
838 379 880 411 et
900 384 1062 411 comma
1081 369 1321 412 delendum.

244 450 261 477 1
271 448 366 491 291.
385 435 494 478 τάσδ’
517 437 596 490 ε’γὼ
618 437 837 479 Canterus.
868 438 938 480 τὰς
956 436 1064 490 λέγω
1085 436 1193 479 libri.

246 516 368 559 1293.
406 503 580 555 αἱμάτων
612 504 873 559 εὐθνησίμων]
909 505 1152 546 εὐθανασίαν
1184 504 1261 546 sibi
1301 506 1459 561 precari
1497 507 1652 547 Casan-

183 569 314 621 dmm,
335 580 446 612 recte
474 581 615 612 monet
642 570 852 613 Butlerus.
913 573 1027 613 Nota
1058 571 1232 624 αἱμάτων
1261 571 1303 612 in
1335 572 1499 628 plurali,
1531 582 1578 614 ut
1607 572 1650 614 in

185 638 376 695 Choeph.
409 640 478 693 64.
514 641 610 681 282.
643 639 728 681 vid.
766 640 986 695 Musgrav.
1022 640 1076 680 ad
1110 639 1261 696 Eurip.
1295 640 1500 682 Phoeniss.
1529 651 1650 696 1540.

185 706 416 748 BLOMF.

244 786 367 830 1295.
387 774 419 816 δ’
441 775 505 830 αὖ]
527 776 570 816 δὲ
591 775 658 816 Fl.
681 776 785 817 Ven.

246 854 370 898 1297.
394 843 525 898 αὑτῆς]
546 843 663 894 αὐτῆς
682 842 790 884 libri.

248 922 369 965 1299.
391 911 436 952 οὗ
457 910 579 966 ξένοι]
602 910 874 952 Scribendum
899 911 928 951 ὦ
950 909 1059 961 ξένοι
1078 925 1173 952 cum
1197 911 1459 953 casaubono.

241 978 368 1034 πλέω]
391 977 541 1020 Lectio
560 978 718 1020 vitiosa.
740 978 850 1034 πλέῳ
873 979 928 1019 Τ.
959 980 1106 1031 χρόνου
1131 979 1268 1020 πλέων
1298 978 1545 1020 Schuetzius
1574 978 1653 1021 hoo

187 1061 324 1098 sensu,
346 1062 426 1087 non
448 1046 580 1102 magis
599 1056 660 1087 est
681 1046 824 1087 auxilii
851 1061 900 1088 ae
931 1046 1074 1088 salutis
1103 1062 1228 1102 quam
1261 1047 1458 1104 temporis
1488 1047 1542 1088 ad
1572 1046 1654 1088 ela-

185 1113 369 1155 bendum
392 1114 522 1171 copia.
554 1115 729 1155 Rectius
749 1116 985 1155 Pearsonus
1004 1116 1136 1169 χρόνῳ
1157 1114 1307 1155 πλέων.
1368 1117 1499 1170 χρόνῳ
1526 1115 1654 1156 πλέον

189 1181 398 1222 Pauwius.

245 1262 369 1305 1300.
399 1253 468 1290 τοῦ
494 1249 657 1305 χρόνου]
678 1252 732 1305 τῷ
758 1250 890 1304 χρόνῳ
910 1249 1078 1305 conjicit
1100 1249 1346 1291 Schutzius:
1380 1249 1494 1291 haud
1516 1249 1650 1297 male;

186 1317 340 1373 Eurip.
362 1318 498 1358 Orest.
520 1327 615 1371 779.
639 1320 691 1373 τῷ
712 1319 844 1373 χρόνῳ
865 1319 908 1358 δὲ
929 1321 1139 1370 κερδανεῖς.
1196 1318 1408 1359 Sententia
1428 1318 1570 1359 eadem
1593 1328 1655 1359 est

185 1400 234 1426 ac
271 1384 312 1425 in
354 1385 492 1426 Theb.
534 1387 630 1438 694.
676 1385 857 1439 λέγουσα
897 1385 1031 1438 κέρδος
1068 1386 1261 1438 πρότερον
1299 1385 1467 1439 ὑστέρου
1515 1387 1653 1438 μόρου.

187 1453 420 1495 BLOMF.

248 1534 369 1576 1303.
391 1535 512 1577 1304.
544 1523 639 1563 Hos
667 1536 808 1563 versus
837 1515 1165 1577 transponendos
1195 1536 1282 1562 esse
1311 1521 1512 1563 intellexit
1539 1523 1654 1563 Hea-

187 1587 312 1638 thius,
336 1593 382 1630 K.
405 1588 496 1630 ἆλλ’
520 1590 758 1633 εὐκλεῶς-η
787 1588 892 1645 ΙΧο.
915 1589 1041 1632 οὐδεὶς
1062 1590 1264 1631 ἆκούει-.

248 1669 372 1712 1305.
393 1658 489 1712 τῶν]
515 1661 598 1698 σῶν
620 1656 839 1699 Stanleius.

247 1737 371 1780 1309.
391 1725 536 1780 φόνον]
556 1727 691 1778 φόβον
711 1724 851 1781 vulgo.
912 1725 1158 1766 correctum
1181 1740 1232 1765 ex
1255 1725 1312 1765 T.
1333 1723 1407 1780 qui
1429 1725 1577 1777 φόβον.

248 1806 371 1848 1310.
403 1794 504 1834 Post
534 1797 616 1837 πῶς
645 1793 810 1848 signum
835 1791 1169 1848 interrogandi,
1161 1807 1200 1832 in
1234 1792 1315 1833 fine
1341 1808 1484 1833 versus
1513 1802 1654 1833 autem

187 1870 390 1917 punctum
412 1870 604 1916 ponatur.
665 1861 839 1902 Monuit
861 1861 1071 1902 Pauwius.

245 1928 344 1983 τόδ’]
366 1927 446 1969 τάδ’
468 1927 678 1969 Dobraeus
695 1928 747 1970 ad
770 1928 989 1984 Aristoph.
1013 1927 1128 1969 Plut.
1150 1943 1194 1984 p.
1214 1942 1306 1982 129.

250 2007 372 2051 1312.
422 1995 565 2047 Σύριον
604 1995 825 2050 ἀγλάϊσμα]
867 1996 934 2036 De
974 1996 1105 2051 Syrio
1143 1996 1267 2037 odore
1308 1995 1516 2037 Stanleius
1555 1996 1655 2037 citat

190 2064 342 2104 Horat.
362 2075 400 2111 2,
417 2073 457 2116 7,
477 2062 515 2103 8.
534 2062 693 2103 Tibull.
707 2076 745 2113 1,
761 2076 800 2118 3.
821 2064 1012 2118 Propert.
1032 2074 1070 2112 2,
1083 2075 1146 2102 10.
1164 2063 1307 2114 Συρίας
1322 2062 1494 2114 λιβάνου
1507 2064 1656 2106 καπνός

188 2144 241 2171 ex
260 2129 413 2185 Eurip.
437 2128 588 2170 Bacch.
609 2142 700 2182 144.
723 2127 898 2170 contulit
919 2128 1127 2169 Abresch.
1159 2129 1394 2169 BLOMF.

250 2196 372 2251 1316.
405 2195 570 2251 θάμνον]
603 2197 838 2248 σύνδενδρος
867 2196 985 2237 τόπος
1015 2193 1205 2234 Photius.
1238 2195 1413 2235 Homer.
1447 2194 1569 2237 Iliad.
1603 2198 1655 2237 X.

194 2277 288 2318 191.
320 2263 564 2315 καταπτήξας
591 2263 668 2304 ὑπὸ
699 2263 846 2318 θάμνῳ.
878 2262 1002 2303 Plato
1031 2262 1139 2316 Rep.
1165 2274 1207 2312 4.
1238 2276 1280 2317 p.
1302 2274 1402 2316 432.
1425 2262 1477 2302 B.
1510 2265 1580 2303 νῦν
1610 2262 1656 2314 δὴ

189 2332 288 2383 ἡμᾶς
322 2334 394 2378 δεῖ,
432 2331 565 2384 ὥσπερ
602 2330 816 2384 κυνηγέτας
850 2332 972 2377 τινὰς,
1006 2329 1156 2381 θάμνον
1195 2330 1325 2384 κύκλῳ
1363 2328 1655 2382 περιΐστασθαι.

193 2397 331 2440 Schol.
353 2398 398 2439 οὗ
418 2400 674 2453 δυσχεραίνω,
697 2399 835 2452 φησὶν,
857 2398 908 2441 ὣς
935 2398 1040 2450 ὅρνις
1070 2396 1246 2438 θέλουσα
1272 2398 1327 2439 εἷς
1357 2398 1500 2437 καλιὰν
1525 2398 1656 2438 εἰσελ-

191 2469 291 2517 θεῖν,
313 2465 376 2506 καὶ
395 2465 493 2518 θῆρά
511 2483 599 2507 τινα
624 2465 866 2519 φοβουμένη.
930 2465 1011 2506 Sed
1043 2465 1096 2506 de
1124 2463 1463 2520 interpretatione
1492 2464 1656 2506 dubito.

191 2533 358 2573 Nidum
377 2532 674 2588 interpretatur
693 2532 876 2573 Vossius.
909 2533 1144 2573 BLOMF.

248 2601 378 2654 φόβῳ·
410 2599 500 2640 ἀλλ’
523 2601 574 2642 ὡς
594 2601 787 2656 θανούσῃ]
811 2601 929 2654 φόβῳ
950 2601 1096 2643 ἄλλως·
1130 2600 1306 2650 θανούσῃ
1328 2600 1612 2640 Hermannus.

254 2679 376 2722 1320.
409 2667 672 2721 ἐπιξενοῦμαι]
694 2668 921 2707 Prote-S'tor.
958 2665 1146 2722 Hesych.
1174 2667 1489 2716 Ἐπιξενοῦσθαι,
1511 2666 1654 2718 μαρτύ-

190 2738 345 2787 ρεσθαι,
382 2735 632 2786 πορεύεσθαι.
672 2736 881 2785 Σοφοκλῆς
910 2733 1087 2786 Ἀχαιῶν
1118 2734 1326 2787 Συλλόγῳ,
1360 2733 1423 2773 καὶ
1453 2734 1658 2786 Αἰσχύλος

193 2801 408 2855 Κρήσσαις.
471 2801 553 2842 Sed
586 2801 639 2842 de
674 2801 750 2841 hac
785 2800 1124 2855 interpretatione
1163 2798 1442 2840 dubitandum
1477 2799 1654 2842 videtur.

191 2869 378 2926 Etymol.
402 2870 467 2910 M.
491 2884 534 2925 p.
558 2871 658 2918 610,
678 2881 749 2923 43.
780 2869 1020 2921 Ξενοὸόχον,
1051 2869 1072 2907 ὁ
1102 2868 1176 2919 μὲν
1199 2864 1390 2919 Ὅμηρος,
1422 2867 1493 2908 τὸν
1522 2867 1659 2918 ξένους

174 2938 407 2991 Αδεχόμενον
439 2940 618 2989 συνηθῶς
648 2937 740 2988 ἡμῖν
771 2935 989 2986 ὑποτίθησι·
1028 2936 1242 2987 Σιμωνίδης
1274 2936 1314 2975 δὲ
1354 2936 1415 2976 καὶ
1446 2937 1656 2988 Πίνδαρος,
1718 2962 1722 2966 ·

858 3015 980 3058 3F2
