1962 3224
537 162 628 203 AD
658 161 1196 203 AGAMEMNONEM.
1521 163 1608 208 849

137 274 389 328 ὑπέρπικρον.
415 276 583 314 Homer.
613 272 668 315 Il.
690 277 736 324 Z,
759 283 828 328 97.
858 272 884 325 ἤ
912 273 987 325 μὲν
1017 272 1063 324 δὴ
1093 273 1209 325 λώβη
1240 275 1334 315 τάδε
1369 272 1407 327 γ’
1444 274 1609 316 ἔσσεται

140 344 300 384 αἵνοθεν
328 342 457 384 αἰνῶς.
500 340 781 382 Ruhnkenius
809 340 863 382 ad
886 340 1040 382 Timaei
1061 340 1167 382 Lex.
1189 355 1231 397 p.
1252 353 1348 396 194.
1368 339 1485 397 legit,
1506 358 1606 394 παρ-

139 410 272 451 θενίου
301 407 334 450 θ’
356 409 521 461 αἵματος
549 409 664 463 ὀργᾷ,
691 413 908 463 περιοργῶς
935 410 972 449 τ’
998 410 1180 460 ἐπιθυμεῖ
1199 407 1401 462 Ἀρτεμις,
1428 418 1476 450 ut
1506 410 1608 463 ὀργᾷ

138 477 311 519 verbum
333 476 398 519 sit.
431 477 620 534 Choeph.
641 487 741 533 452.
770 480 834 519 Τὰ
853 477 884 518 δ’
905 477 1023 521 αὐτὸς
1043 478 1145 532 ὀργᾷ
1164 480 1322 530 μαθεῖν.
1366 476 1607 518 Casauboni

138 553 279 586 autem
299 545 536 601 conjectura
555 545 636 586 fuit
650 544 861 598 Ἀρτεμις;
895 545 950 586 sic
971 545 1093 586 etiam
1118 546 1364 586 Pearsonus.
1416 546 1610 586 Aul-atus

138 622 181 655 et
210 613 380 655 Vossius
413 613 694 670 expungenda
723 612 946 654 censebant
982 612 1107 653 verba
1137 616 1356 666 περιοργῶς
1389 614 1607 664 ἐπιθυμεῖν·

139 681 208 724 sed
231 681 310 723 hoc
329 691 508 724 metrum
530 691 655 724 vetat.
686 681 920 722 BLOMF.
962 679 1157 721 Delenda
1176 695 1270 721 cum
1294 681 1462 722 Aurato
1483 680 1610 721 verba

138 751 354 804 περιόργως
383 752 598 802 ἐπιθυμεῖν,
630 758 672 791 et
702 758 859 805 septem
897 747 1151 805 syllabarum
1187 747 1337 790 lacuna
1373 747 1610 790 indicanda.

142 816 358 859 Glossema
391 817 474 859 fuit
507 817 561 859 ad
594 817 694 871 ὀργᾷ
729 815 986 873 adscriptum
1017 819 1235 869 περιοργῶς
1267 817 1458 868 ἐπιθυμεῖ,
1494 814 1610 871 quod

139 884 268 926 verba
285 884 469 941 genuina
489 885 663 942 expulit.

200 962 297 1007 217.
321 953 364 994 εὖ
383 953 476 1008 γὰρ]
498 953 540 994 εὖ
560 954 637 1006 γὰρ
658 953 700 994 εὖ
722 951 791 993 Fl.
816 952 875 993 T.

200 1031 296 1074 219.
318 1020 526 1076 τροπαίαν]
548 1021 729 1073 τροπαία,
751 1028 901 1060 ventus
921 1017 994 1075 qui
1019 1017 1124 1059 flatu
1153 1032 1352 1059 converso
1380 1033 1404 1059 e
1433 1018 1537 1060 mari
1566 1019 1610 1060 in

141 1096 293 1129 terram
322 1087 555 1129 revertitur.
587 1087 764 1128 Aristot.
795 1085 937 1128 Probl.
967 1087 1037 1137 26,
1058 1100 1100 1141 5.
1134 1086 1245 1127 ἔστιν
1273 1087 1298 1138 ἡ
1327 1088 1497 1140 τροπαία
1525 1087 1612 1128 οἷον

141 1154 375 1208 ἀναστροφὴ
404 1157 471 1206 τῆς
497 1155 701 1208 ἆπογείας.
736 1154 847 1195 Plin.
871 1167 912 1204 2,
933 1167 1003 1209 43.
1033 1155 1106 1210 qui
1134 1154 1299 1210 quidem
1328 1169 1422 1196 cum
1451 1168 1473 1195 e
1502 1155 1613 1195 mari

139 1222 316 1263 redeunt
363 1221 510 1278 tropaei
560 1228 765 1263 vocantur
784 1238 798 1262 :
850 1223 889 1263 si
928 1227 1141 1279 pergunt,
1191 1223 1374 1279 apogoei.
1441 1223 1613 1263 Sum.

143 1289 283 1331 Theb.
309 1299 404 1345 703.
433 1288 610 1341 λήματος
640 1290 685 1330 ἐν
714 1290 895 1344 τροπαίᾳ,
921 1290 970 1330 in
999 1290 1267 1330 conversione
1287 1291 1501 1347 propositi
1515 1306 1530 1337 ‚-
1563 1299 1612 1331 ut

140 1357 184 1398 in
212 1357 291 1398 hoc
319 1356 410 1398 loco
440 1356 586 1410 φρενὸς
614 1356 808 1409 τροπαίαν
836 1359 1033 1408 δυσσεβῆ,
1060 1358 1370 1399 conversionem
1399 1358 1535 1399 animi
1563 1358 1613 1398 in

141 1426 319 1481 impium
334 1426 613 1481 propositum.
639 1424 870 1466 BLOMF.

201 1505 298 1534 220.
319 1492 455 1549 τόθεν]
479 1491 513 1533 θ’
535 1493 630 1534 ὅθεν
651 1493 792 1533 Turn.

201 1572 297 1602 221.
318 1559 615 1616 παντότολμον]
636 1560 868 1612 πάντολμον
890 1561 1029 1602 Turn.
1053 1561 1200 1616 Steph.

202 1640 298 1672 222.
317 1628 486 1681 βροτοὺς
506 1627 793 1684 Musgravius.
823 1632 987 1680 βροτοῖς
1004 1627 1112 1670 libri.

201 1708 299 1750 223.
318 1697 530 1749 παρακοπὰ
549 1695 841 1752 πρωτοπήμων]
862 1696 1047 1737 Insania
1066 1710 1164 1752 quae
1190 1709 1242 1737 eoe
1266 1697 1414 1752 prima
1442 1696 1614 1738 calami-

144 1769 228 1805 tate
246 1764 400 1805 oritur.
435 1763 669 1805 BLOMF.

203 1842 256 1874 22
258 1841 299 1886 5.
328 1832 627 1884 γυναικόποινος
655 1830 844 1886 πόλεμος]
866 1831 1029 1872 Bellum
1058 1831 1116 1872 ad
1140 1845 1291 1888 poenas
1318 1832 1367 1873 ob
1396 1831 1613 1873 mulierem

143 1904 310 1955 raptam
332 1898 613 1954 exsequendas
632 1903 883 1954 susceptum.
916 1898 1151 1939 BLOMF.

205 1967 301 2008 226.
346 1964 525 2021 ἀρωγὰν]
559 1965 666 2006 Vere
698 1964 861 2006 monuit
897 1965 1110 2006 Heathius
1145 1968 1282 2019 σχῆμα
1314 1981 1402 2007 esse
1435 1965 1536 2019 πρὸς
1566 1965 1614 2006 τὸ

146 2031 452 2085 σημαινόμενον,
482 2042 525 2073 et
553 2046 685 2088 quum
722 2032 840 2085 θυτὴρ
872 2032 1065 2086 γενέσθαι
1098 2035 1166 2084 τῆς
1196 2032 1389 2086 θυγατρὸς
1418 2032 1529 2074 idem
1562 2032 1615 2074 sit

146 2099 261 2156 quod
296 2102 415 2141 θῦσαι
448 2099 658 2153 θυγατέρα,
689 2099 743 2141 ad
772 2099 852 2141 hoc
881 2099 1082 2156 respicere
1112 2100 1284 2153 ἀρωγὰν,
1316 2108 1357 2142 et
1386 2099 1615 2153 προτέλεια.

146 2166 253 2209 Vide
286 2166 453 2208 doctam
486 2166 700 2208 Matthiaei
732 2166 1059 2209 observationem
1095 2167 1139 2208 in
1174 2166 1352 2209 Miscell.
1384 2166 1538 2209 Philol.
1573 2179 1612 2210 2.

145 2249 189 2292 p.
210 2246 250 2288 7.
268 2243 356 2276 not.
378 2234 455 2276 Gr.
478 2234 557 2276 Gr.
580 2235 618 2288 ξ.
639 2246 739 2290 432.
771 2234 1003 2277 Dobraeum
1025 2234 1080 2277 ad
1100 2234 1321 2292 Aristoph.
1343 2234 1461 2276 Plut.
1481 2250 1523 2291 p.
1542 2248 1613 2291 39.

147 2303 376 2344 BLOMF.
437 2301 567 2343 Adde
593 2303 828 2344 Hermann.
860 2303 1018 2359 Opusc.
1053 2302 1134 2345 vol.
1155 2316 1193 2344 1.
1222 2318 1267 2360 p.
1291 2315 1388 2346 200.
1421 2301 1614 2344 Turnebi

146 2368 410 2426 interpolatio
428 2378 492 2410 est
509 2370 799 2425 γυναικοποίνῳ
819 2369 981 2426 πολέμῳ
1002 2371 1173 2424 ἀρωγόν.

206 2447 303 2489 227.
322 2435 536 2490 προτέλεια
555 2437 681 2494 ναῶν]
704 2438 932 2493 Ηαενῇὶεὶα
942 2453 1030 2495 pro
1049 2439 1179 2480 classe
1197 2438 1350 2481 oblata.
1381 2438 1614 2480 BLOMF.

147 2505 363 2559 προτελείῳ
385 2503 528 2545 Guelf.
550 2503 652 2545 Ald.
676 2505 813 2546 Turn.

207 2572 306 2614 228.
344 2571 533 2622 κληδόνες
565 2574 738 2628 πατρῷοι
764 2580 863 2614 sunt
887 2573 1187 2629 appellationes
1213 2574 1398 2615 nominis
1420 2574 1612 2630 paterni.

148 2638 302 2689 Aliter,
343 2647 392 2680 ut
429 2637 607 2690 videtur,
642 2638 901 2681 intellexerat
934 2639 1024 2682 haec
1057 2641 1186 2683 verba
1218 2641 1443 2682 Lucretius
1472 2654 1510 2688 1,
1545 2653 1614 2694 94,

147 2706 241 2747 Nec
279 2706 446 2747 miserae
474 2706 676 2762 prodesse
713 2707 762 2747 in
794 2707 871 2748 tali
904 2713 1084 2764 tempore
1121 2709 1281 2765 quibat,
1318 2707 1438 2755 Quod
1469 2708 1617 2763 patrio

140 2775 345 2831 princeps
384 2773 566 2814 donarat
602 2775 769 2815 noneine
806 2788 963 2830 regem.
1028 2774 1205 2831 Apponi
1244 2782 1456 2815 merentur
1490 2773 1617 2815 Plinii

150 2840 279 2882 verba
310 2853 383 2896 35,
419 2853 483 2881 10.
543 2839 654 2896 Ejus
694 2840 974 2894 (Timanthis)
1015 2847 1076 2883 est
1114 2842 1359 2898 Iphigenia,
1398 2847 1614 2883 oratorum

150 2906 346 2950 laudibus
363 2907 567 2950 celebrata
581 2924 597 2955 ,·
628 2922 713 2964 qua
730 2913 869 2950 stante
886 2909 945 2950 ad
962 2923 1065 2952 aras
1081 2910 1291 2966 peritura,
1306 2923 1435 2967 quum
1450 2914 1592 2951 moesto
