1962 3224
512 171 602 212 AD
634 170 1168 212 AGAMEMNONEM.
1485 169 1564 211 331

108 291 199 324 tum
229 296 306 339 pro
332 283 557 336 χιλιόναυν.
640 281 849 325 Stanleius
882 281 1043 323 confert
1073 280 1227 337 Eurip.
1259 279 1358 336 Iph.
1393 280 1450 320 T.
1478 293 1570 332 140.

107 350 184 392 σὺν
204 350 312 406 κώπᾳ
330 351 576 407 χιλιοναύτα.
593 350 802 393 Androm.
822 350 915 392 106.
938 349 1038 391 Εἷλέ
1059 350 1095 390 σ’
1112 351 1133 391 ὁ
1148 351 1354 403 χιλιόναυς
1371 346 1574 392 Ἑλλάδος

105 418 204 461 ὦκὺς
216 416 354 471 Ἀρης.
375 427 417 460 et
437 419 575 461 Orest.
595 432 621 475 3
623 428 696 475 52.
757 419 907 460 Monet
936 426 1077 459 autem
1106 417 1218 458 hunc
1247 430 1468 457 numerum
1490 431 1574 458 non

103 485 158 528 ad
186 485 382 528 amussim
413 499 511 528 esse.
570 488 786 529 Homerus
816 502 943 528 naves
971 487 1089 543 ponit
1106 487 1231 528 1186.
1252 500 1378 541 quam
1403 485 1574 526 classem

105 552 381 608 Thucydides
410 564 531 596 vocat
557 556 701 610 χιλίων
731 555 795 597 καὶ
825 556 1036 596 διακοσίων
1054 567 1091 603 1,
1111 567 1175 596 10.
1209 553 1281 595 ubi
1303 553 1386 595 vid.
1409 552 1575 595 Duker.

106 621 336 663 BLOMF.
398 622 482 674 Qui
500 624 758 678 χιλιοναύτην
778 622 953 679 scripsit.
1001 621 1112 663 Mihi
1134 622 1384 664 servandum
1406 620 1574 662 videtur

105 690 374 742 χιλιοναύταν.
435 690 535 733 Alia
559 691 668 733 enim
700 691 828 748 hujus
847 690 1032 733 Dorismi
1063 690 1169 732 ratio
1198 699 1260 732 est
1290 705 1416 747 quam
1449 705 1576 747 quem

108 756 368 812 praecedente
389 773 510 800 versu
531 758 626 800 libri
645 758 835 816 plerique
864 758 1064 801 exhibent
1092 757 1313 812 Ἀτρειδᾶν.
1362 775 1426 812 γρ.
1446 756 1578 799 Ἴλιον

109 825 256 867 ναύταν
276 825 338 868 M.
363 827 399 868 F
402 826 430 870 l.

165 894 407 944 46—-1121,
428 910 509 937 om.
534 895 635 938 Ven.

166 973 237 1014 47.
259 965 510 1021 στρατιῶτιν]
533 965 774 1018 στρατιώτην
796 962 896 1004 Ald.
920 962 1032 1004 Rob.

170 1028 350 1085 ἀρωγάν]
374 1030 645 1083 Scribendum
668 1031 825 1086 ἀρωγήν
844 1046 939 1072 cum
962 1030 1225 1072 Blomfieldo.

169 1097 239 1149 48.
262 1097 488 1154 κλάζοντες]
512 1099 755 1153 κλάγξαντες
775 1098 840 1141 Fl.
867 1100 924 1141 T.

168 1178 239 1219 49.
260 1167 471 1223 αἰγυπιῶν]
495 1167 718 1223 Respicere
737 1167 904 1208 videtur
923 1166 1074 1224 partim
1097 1165 1150 1207 ad
1174 1165 1298 1208 Iliad.
1321 1170 1378 1217 Π,
1398 1167 1498 1218 428.
1528 1167 1582 1207 Οἱ

112 1230 146 1273 δ’
183 1231 275 1273 ὥστ’
306 1235 480 1287 αἰγυπιοὶ
512 1236 796 1290 γαμψώνυχες,
830 1236 1137 1290 ἆγχυλοχεῖλαι,
1174 1234 1308 1292 Πέτρῃ
1344 1233 1407 1287 ἐφ’
1441 1235 1582 1290 ὑψηλῇ

111 1299 272 1354 μεγάλα
301 1301 492 1353 κλάζοντε
519 1302 728 1358 μάχονται.
758 1303 911 1360 partim
941 1302 994 1344 ad
1026 1302 1107 1345 Od.
1137 1306 1194 1353 Π,
1223 1303 1319 1344 216.
1353 1305 1509 1343 Κλαῖον
1539 1303 1584 1343 δὲ

113 1367 271 1422 λιγέως,
294 1370 530 1424 ἀδινώτερον
549 1370 606 1423 ἤτ’
628 1371 762 1413 οἰωνοὶ
785 1373 927 1423 Φῆναι,
949 1370 973 1423 ἢ
994 1370 1168 1425 αἰγυπιοὶ
1192 1372 1479 1425 γαμψώνυχες,
1501 1369 1588 1411 οἷσί

115 1452 159 1477 τε
178 1436 297 1478 τέκνα
315 1436 504 1492 Ἀγρόται
526 1440 741 1491 egwinum,
762 1439 886 1493 πάρος
904 1441 1088 1481 πετεεινᾶ
1113 1439 1317 1493 γενέσθαι.
1378 1438 1585 1480 Moschus

113 1516 157 1557 4,
191 1516 257 1560 23.
288 1504 330 1546 in
362 1521 406 1547 re
435 1506 572 1558 simili,
603 1508 627 1560 ἡ
660 1509 703 1550 δὲ
734 1508 813 1550 κατ’
846 1509 986 1552 αὐτοὺς
1015 1511 1202 1550 Horam.
1238 1507 1440 1559 κλάζουσα
1473 1506 1586 1560 μάλα

113 1573 209 1626 λιγὺ
227 1574 369 1616 πότνια
386 1574 523 1629 μήτηρ.
555 1576 788 1618 BLOMF.

172 1652 242 1696 50.
265 1643 482 1698 ἐκπατίοις]
499 1644 678 1701 Propria
692 1643 989 1701 significatione
1004 1643 1162 1686 dictum
1177 1642 1336 1700 accepit
1354 1641 1584 1694 scholiasta,

115 1712 197 1752 τοῖς
218 1708 293 1761 ἔξω
313 1713 381 1763 τῆς
400 1711 657 1754 ὁδοΰ·-δέον
677 1713 721 1754 δὲ
742 1715 869 1755 εἰπεῖν
890 1712 1085 1754 ἐκπατίων
1099 1712 1264 1759 παίδων,
1284 1710 1483 1754 ἐκπατίοις
1500 1710 1587 1752 εἶπε

115 1777 214 1831 πρὸς
242 1777 287 1819 τὸ
316 1779 476 1833 ἄλγεσι.
534 1781 616 1822 Est
635 1796 733 1823 vero
753 1796 874 1823 sensu
902 1779 1185 1836 metaphorice
1211 1778 1386 1829 dictum,
1409 1779 1587 1820 enormi-

116 1845 210 1897 bus,
226 1847 482 1904 ingentibus.
502 1848 680 1905 Gregor.
698 1850 794 1891 Cor.
812 1863 853 1906 p.
872 1850 972 1904 566.
991 1847 1035 1889 τὸ
1057 1848 1253 1901 ἐκτρόπως
1274 1848 1337 1889 καὶ
1357 1847 1588 1900 παραδόξως

117 1914 309 1958 ἐκπατίως
331 1914 494 1969 (dicunt
516 1917 676 1970 Iones).
706 1915 935 1958 Erotianus
963 1931 1006 1973 p.
1025 1926 1120 1971 170.
1152 1917 1358 1960 ἐκπατίως.
1392 1916 1589 1969 ἐκτρόπως

119 1981 183 2023 καὶ
204 1981 277 2033 ἔξω
296 1983 400 2024 ὁδοῦ.
439 1984 567 2037 (Nam
589 1983 646 2026 sic
666 1984 912 2041 scripturam
934 1983 1148 2041 vulgatam
1171 1985 1235 2025 καὶ
1254 1984 1380 2032 ὁδοὺς,
1402 1999 1481 2040 pro
1501 1998 1588 2040 quo

119 2049 184 2090 καὶ
203 2050 296 2091 ὁδοῦ
314 2049 436 2092 codd.
457 2050 587 2093 Paris.
610 2051 725 2107 apud
747 2053 879 2103 Bast.‚
901 2052 1082 2094 correxit
1103 2052 1315 2106 Koenius.)
1349 2054 1590 2106 ἀγνοοῦντες

120 2116 454 2171 ἔνιοιγράφουσιν
466 2118 685 2173 ἐκπάγλως.
701 2120 814 2162 unde
828 2120 1007 2162 Koenius
1020 2119 1272 2177 Hippocrati
1285 2136 1325 2177 p.
1337 2121 1436 2176 663,
1447 2133 1514 2163 20.
1527 2135 1589 2162 re-

118 2187 267 2240 stituit,
285 2191 475 2234 ἐκπατίως
493 2190 608 2243 (libri
623 2191 849 2246 ἐκπάγλως)
870 2209 914 2234 τε
930 2194 1082 2234 αἴθεται
1103 2192 1166 2234 καὶ
1186 2190 1369 2234 δάκνεται
1389 2193 1453 2234 καὶ
1473 2194 1588 2247 ὁρμᾷ.

175 2257 322 2312 ἄλγεσι
339 2259 490 2301 παίδων
510 2260 576 2301 Μ.
599 2259 666 2301 Fl.
690 2260 745 2301 T.
768 2260 880 2302 Rob.
902 2261 1077 2315 ἄλγεσσι
1096 2262 1249 2302 παίδων
1271 2260 1418 2318 Steph.
1441 2261 1591 2316 ἄλγεπι

118 2328 251 2368 ποδῶν
271 2326 371 2368 Ald.
394 2327 506 2370 unde
525 2344 551 2370 a
570 2329 708 2371 Turn.
730 2328 1026 2386 interpolatum
1049 2329 1226 2383 ἄλγεσσι
1243 2333 1391 2371 ποδῶν.

175 2403 248 2449 51.
269 2395 410 2438 ὕπατοι
426 2395 599 2452 λεχέων]
623 2396 866 2448 Scholiasta,
887 2396 1011 2451 ἤγουν
1029 2395 1212 2451 ὑπεράνω
1232 2401 1311 2439 τῶν
1329 2397 1500 2453 λεχέων.

176 2465 547 2520 στροφοδινοῦνται]
572 2466 628 2506 In
641 2479 781 2522 gyros
799 2466 1170 2523 circumaguntur.
1223 2465 1365 2507 Simile
1385 2466 1590 2523 composi-

122 2541 213 2574 tum
233 2541 296 2574 est
314 2537 630 2589 τροχοδινεῖσθαι
649 2534 866 2578 Prometh.
888 2546 985 2591 907.
1017 2535 1251 2578 BLOMF.

178 2612 253 2655 53.
280 2602 406 2643 πόνον
424 2601 519 2644 libri
538 2618 680 2645 omnes
700 2613 742 2646 et
762 2603 1014 2662 Hesychius.
1077 2603 1324 2658 Δεμνιοτήρη
1349 2605 1491 2647 πόνον.
1523 2607 1591 2648 Αἰ-

123 2669 276 2722 σχύλος
297 2667 580 2723 Ἀγαμέμνονι.
614 2673 748 2714 καθότι
777 2674 816 2714 οἱ
845 2672 1010 2714 νεοσσοὶ
1040 2672 1098 2714 ἔτι
1127 2673 1302 2714 τοιοῦτοί
1328 2674 1432 2714 εἰσιν
1462 2674 1514 2717 ὣς
1542 2676 1593 2716 τὰ

121 2736 261 2789 δέμνια
278 2741 410 2790 τηρεῖν
428 2739 492 2780 καὶ
511 2738 708 2794 κατέχειν,
728 2739 888 2791 μηδέπω
907 2739 1100 2781 πέτεσθαι
1126 2739 1349 2792 δυνάμενοι.
1379 2741 1506 2782 πόνον
1533 2742 1590 2790 δὲ,

120 2806 171 2846 τὰ
197 2804 286 2858 περὶ
312 2805 384 2857 τὴν
405 2805 558 2859 τροφὴν
584 2807 724 2848 αὐτῶν.
785 2807 847 2848 Et
871 2806 1043 2863 vulgata
1070 2807 1241 2864 quidem
1274 2808 1394 2850 lectio
1423 2824 1592 2851 sensum

121 2871 220 2912 satis
238 2872 504 2914 commodum
526 2874 700 2930 praebet.
763 2873 987 2930 Ingeniosa
1009 2883 1147 2917 tamen
1171 2875 1409 2932 Musgravii
1428 2876 1590 2933 conjec-

122 2947 218 2980 tura
246 2948 321 2982 est.
385 2945 411 2965 “
434 2941 551 2998 Lege
578 2943 715 2996 γόνον.
748 2941 975 2998 Sophocles
997 2943 1112 2997 (Lex
1134 2943 1263 3001 Soph.
1286 2958 1324 2986 v,
1343 2942 1591 3000 Ψάκαλα)-
1670 3000 1673 3004 Α

811 3020 925 3053 'rt2
