1962 3224
640 173 730 214 AD
761 172 1156 214 EUMENIDES.
1548 172 1636 215 557

226 287 397 343 αἴδεσαι]
419 288 595 328 αἵδεσται
615 285 719 328 Ald.
741 284 853 326 unde
873 286 1069 326 αἰδεῖσθαι
1090 285 1229 325 Turn.

221 369 323 411 540.
356 355 436 410 νιν]
460 354 531 406 τὴν
550 355 659 405 δίκην
677 352 856 410 explicat
876 351 1108 404 scholiasta,
1130 350 1247 408 quod
1271 350 1476 409 glossema
1495 352 1632 394 textui

167 422 326 465 illatum
349 433 409 464 est
429 422 470 463 in
493 423 589 463 Par.

224 490 379 547 ἀτίσῃς]
399 489 576 542 πατήσῃς
597 492 680 546 (γρ.
702 489 859 542 ἀτίσῃς)
883 490 951 530 Μ.
975 490 1072 530 Par.

222 559 320 613 546.
373 558 616 611 ἐπιστροφὰς
654 557 840 609 δωμάτων
880 556 1103 598 Heathius.
1153 556 1340 609 δωμάτων
1386 557 1630 611 ἐπιστροφὰς

165 625 275 678 libri,
296 626 373 668 nisi
392 625 505 683 quod
527 624 668 678 δώματ’
691 626 986 679 ἀνεπιστροφᾶς
1005 623 1109 666 Ald.

219 705 320 750 550.
339 705 437 750 551.
460 703 501 736 et
518 693 801 750 antistrophici
819 693 920 748 558.
937 703 1035 748 559.
1056 692 1099 733 in
1119 706 1251 733 unum
1271 707 1435 734 versum
1456 692 1630 750 conjun-

164 762 303 819 gendi.

222 841 322 887 550.
343 831 387 873 ἐκ
406 833 536 886 τῶνδ’]
565 829 837 872 Scribendum
860 829 960 871 ἑκὼν
980 829 1013 871 δ’
1032 843 1128 870 cum
1148 827 1396 871 Wieselero.

222 909 320 954 552.
341 898 616 954 πανώλεθρος]
638 899 884 951 πανόλεθρος
903 896 1008 939 Ald.
1029 896 1141 939 Rob.

224 966 255 1007 δ’
277 966 439 1008 addidit
460 966 671 1007 Pauwius.

219 1040 319 1087 553.
340 1032 550 1085 παρβάταν
567 1033 848 1073 Hermannus.
879 1030 1127 1084 περαιβάδαν
1143 1032 1209 1073 Μ.
1226 1030 1328 1073 Ald.
1346 1031 1457 1074 Rob.
1487 1049 1627 1087 παραι-

164 1098 296 1150 βάταν
313 1100 443 1141 Turn.
477 1100 731 1153 παραιβάδαν
752 1099 895 1156 Steph.
934 1100 982 1140 V.
999 1099 1054 1140 ad
1077 1101 1191 1156 Sept.
1212 1115 1246 1141 c.
1270 1099 1358 1141 Th.
1382 1110 1478 1156 743.

219 1176 318 1222 554.
339 1167 595 1223 παντόφυρτ’]
617 1170 894 1222 παντόφυρτον
915 1167 1060 1209 Guelf.
1081 1167 1186 1210 Ald.
1210 1169 1348 1209 Turn.

219 1234 330 1290 ἄνευ]
354 1234 626 1276 Scribendum
649 1236 783 1289 ἄγοντ’
803 1237 898 1278 ἄνευ
917 1251 1013 1278 cum
1034 1236 1223 1279 Pauwio.

219 1302 342 1358 δίκης]
368 1302 641 1344 Scribendum
661 1305 783 1347 δίκας.

218 1379 317 1425 555.
338 1371 492 1426 βιαίως]
511 1371 630 1426 βιαίῳ
652 1372 790 1413 Turn.

218 1441 317 1493 556.
339 1438 455 1495 ὅταν]
478 1438 532 1479 ὅτ’
555 1439 605 1480 ἂν
621 1439 728 1481 libri.

218 1515 318 1561 559.
342 1506 386 1546 ἐν
405 1505 567 1548 addidit
586 1507 856 1550 Abreschius.

219 1576 417 1615 δυσπαλεῖ
432 1590 477 1616 τε
497 1575 633 1616 Turn.
680 1578 938 1619 δυσπαλεῖται
959 1578 1024 1619 Μ.
1046 1578 1148 1621 Ald.
1176 1579 1320 1637 Steph.
1364 1585 1563 1626 δυσπαλεῖ
1580 1585 1623 1626 δὲ

217 1710 318 1763 560.
339 1709 398 1764 δὲ]
419 1709 452 1750 δ’
472 1711 493 1751 ὃ
518 1711 654 1752 Turn.
677 1712 821 1768 steph.
843 1722 884 1754 et
903 1713 1053 1755 lemma
1073 1713 1214 1756 scholii
1234 1731 1301 1773 ap.
1323 1717 1437 1759 Rob.

218 1778 347 1833 θερμῷ
388 1778 594 1819 Pauwius.
643 1782 867 1836 θερμουργῷ
905 1783 1146 1838 (θερμοεργῷ
1180 1783 1247 1825 Μ.
1286 1785 1402 1840 Par.)
1441 1785 1535 1828 libri
1568 1803 1621 1830 ex

159 1843 416 1901 glossemate.

218 1914 316 1968 561.
335 1912 567 1968 ἀμηχάνοις]
597 1914 869 1956 Scribendum
891 1916 1122 1970 ἀμαχάνοις.

217 1980 315 2035 562.
336 1980 556 2037 λέπαδνον]
582 1981 853 2023 Scribendum
870 1983 1077 2025 λαπαδνὸν
1090 1999 1186 2026 cum
1203 1986 1464 2031 Hermanno.
1495 1992 1622 2042 Quod

160 2047 270 2090 idem
291 2057 352 2090 est
371 2056 498 2104 atque
518 2050 763 2098 ἀλαπαδνὸν,
786 2065 883 2106 quae
907 2050 1056 2092 usitata
1075 2051 1267 2108 adjectivi
1287 2055 1422 2098 forma
1440 2068 1513 2101 est.

218 2117 318 2171 565.
359 2118 493 2160 αἶστος
526 2117 749 2158 Porsonus.
793 2118 928 2162 ἄϊστος
961 2118 1103 2175 vulgo,
1148 2121 1311 2164 Eadem
1343 2127 1623 2170 contractione

160 2183 376 2240 aliquoties
407 2199 506 2226 usus
534 2194 596 2226 est
626 2184 897 2242 Lycophron,
922 2185 976 2227 de
1005 2202 1091 2243 quo
1113 2187 1219 2231 dixit
1244 2191 1540 2237 Bachmannus
1567 2197 1623 2238 ad

159 2266 200 2292 v.
222 2262 294 2305 71.

216 2320 315 2374 566.
338 2319 473 2375 κήρυξ]
498 2318 771 2361 Scribendum
793 2323 908 2374 κῆρυξ
928 2336 1022 2363 cum
1045 2323 1154 2366 Rob.

218 2388 493 2442 κατειργαθοῦ]
537 2387 779 2441 κατεργάθου
808 2388 915 2431 libri.
961 2391 1217 2446 κατειργάθου
1248 2395 1463 2440 Porsonus
1492 2414 1623 2456 pravo

160 2462 344 2494 accentu.

217 2520 316 2574 567.
336 2520 362 2571 ἥ
380 2521 413 2561 τ’
434 2520 524 2576 οὖν]
548 2521 614 2563 εἴτ’
635 2524 706 2564 οὖν
725 2524 793 2564 Μ.
833 2526 870 2566 εἴ
886 2523 917 2565 τ’
939 2526 1010 2568 οὖν
1027 2527 1171 2569 Guelf.
1192 2530 1293 2571 Par.
1328 2531 1354 2584 ἤ
1373 2531 1404 2572 τ’
1426 2534 1497 2575 οὖν
1516 2535 1620 2577 Ald.

163 2586 299 2627 Turn.
342 2587 408 2628 εἶτ’
430 2588 500 2628 οὖν
520 2588 631 2630 Rob.
682 2591 897 2633 Lacunam
918 2592 1108 2649 imperite
1128 2596 1310 2652 explevit
1331 2599 1558 2644 Triclinius
1576 2602 1618 2644 in

163 2653 217 2694 T.
241 2655 306 2694 εἴτ’
323 2654 394 2694 οὖν
414 2654 614 2708 διάκτορος
632 2656 748 2698 πέλει
766 2659 989 2711 τυρσηνική.

218 2721 408 2777 διάτορος]
429 2722 630 2776 διάκτορος
651 2725 745 2766 Par.
779 2726 955 2780 διάτορος
973 2728 997 2780 ἡ
1018 2729 1130 2771 Rob.

216 2798 316 2842 572.
340 2787 414 2844 εἰς]
439 2789 710 2833 Scribendum
732 2794 784 2836 ἐς.

215 2866 314 2911 573.
345 2856 448 2898 τόνδ’
471 2859 567 2901 Par.
609 2860 680 2903 τὸν
712 2861 855 2905 Guelf.
883 2863 984 2906 Ald.
1031 2867 1146 2908 τῶνδ’
1174 2867 1269 2911 libri
1297 2871 1460 2929 reliqui.
1505 2876 1619 2920 τόνδε

161 2924 351 2966 Orestem
370 2923 484 2967 dicit.
