1962 3224
410 201 495 244 506
878 202 966 243 AN
969 200 1371 244 NOTATIONES

409 311 483 368 qui
502 313 578 354 ἄνα
596 326 672 368 pro
691 311 879 363 ἀνάστηθι
901 310 1131 365 (ἀνάστητε)
1153 310 1330 366 positum
1359 317 1467 350 recte
1488 306 1665 363 judicat,
1685 305 1841 347 confert

411 378 600 434 Sophocl.
622 379 693 433 Aj.
719 390 811 431 194.
829 377 944 418 Ἀλλ’
966 378 1042 418 ἄνα
1061 378 1103 427 ἐξ
1123 376 1304 429 ἑδράνων.
1349 374 1567 415 Particulae
1586 390 1634 426 γε
1650 373 1726 424 μὴν
1745 386 1838 413 cum

408 444 649 500 imperativo
677 452 785 485 recte
813 444 1071 499 junguntur:
1107 441 1295 498 Sophocl.
1323 441 1426 483 OEd.
1459 442 1510 481 C.
1535 440 1631 494 587.
1656 437 1763 490 ’Ὅρα
1793 452 1839 489 γε

408 510 496 563 μήν·
527 511 572 551 οὐ
592 511 750 563 σμικρὸς
777 511 847 551 οὖν
875 510 995 562 ἆ’γὼν
1023 510 1103 550 ὅδε.
1163 509 1271 549 Mox
1288 507 1442 549 πολλὺν
1461 506 1562 547 Ald.
1603 505 1708 555 πλὴν
1729 503 1837 544 Rob.

409 578 640 620 BLOMF.
700 576 969 618 Scribendum
1003 577 1078 617 ἄνα
1116 593 1163 629 γε
1195 577 1273 627 μὰν
1307 576 1416 626 δόμοι
1448 587 1542 614 cum
1581 570 1838 612 Blomfieldo.

409 645 518 696 δόμοι
539 645 817 685 Hermannus.

465 712 562 764 964.
591 712 872 763 χαμαιπετεΐσε
902 708 1023 749 κεῖσθ”
1044 708 1117 754 ἀεὶ,
1140 706 1240 747 Ald.
1263 706 1372 746 Rob.
1396 705 1486 758 (nisi
1506 704 1619 760 quod
1637 704 1704 745 hic
1725 701 1835 755 κεῖθ’)

407 786 448 818 et
464 777 519 818 sic
531 778 596 817 M.
613 776 753 817 Guelf.
774 778 993 829 χαμαιπετῆ
1008 791 1055 815 σε
1072 772 1192 815 κεῖσθ’
1210 774 1274 814 ἆεί
1287 775 1421 814 Turn.
1440 773 1583 828 Steph.
1608 772 1837 813 BLOMF.

463 841 546 897 ἀεὶ]
569 843 644 884 αἰεὶ
663 843 729 883 Μ.
751 841 892 883 Guelf.

465 910 562 963 965.
590 908 786 959 παντελὴς
807 908 963 961 χρόνος]
1002 905 1238 955 Scholiasta,
1270 906 1291 945 ὁ
1317 904 1445 945 πάντα
1477 907 1601 944 τελῶν
1628 904 1769 956 χρόνος
1791 906 1840 943 τὰ

405 975 578 1027 πρόθυρα
596 978 673 1015 τῶν
689 977 803 1016 οἴκων
818 972 983 1024 ἀλλάξει
999 974 1075 1014 ἀπὸ
1093 973 1301 1024 κατηφείας
1318 972 1371 1013 εἷς
1386 971 1646 1022 λαμπρότητα.
1678 970 1840 1022 ἀμείψε-

405 1057 491 1081 ται;
525 1039 808 1092 ἇλλαγήσεται·
841 1041 914 1093 οὐχ
934 1041 1074 1091 ὁμοίως
1101 1040 1213 1080 ἔσται
1233 1042 1313 1080 τοῖς
1331 1038 1462 1089 πρώην
1483 1038 1526 1077 ἐν
1544 1037 1596 1090 τῷ
1612 1038 1700 1090 οἴκῳ
1719 1036 1836 1086 ἡμῶν.

408 1106 667 1147 Probabilior
692 1106 876 1147 Elmsleii
901 1106 1130 1148 emendatio
1153 1114 1212 1146 est
1231 1105 1284 1146 ad
1305 1103 1453 1160 Eurip.
1477 1102 1592 1144 Med.
1613 1111 1681 1156 50.
1700 1118 1839 1143 παντε-

405 1175 478 1225 λὴς
495 1175 627 1227 χορός.

463 1242 559 1295 966.
581 1242 691 1294 ὅταν]
716 1241 772 1282 ὅτ’
789 1241 838 1302 ἂν
859 1241 924 1282 Μ.
945 1239 1047 1280 Ald.
1070 1239 1177 1280 Rob.

462 1306 547 1362 ἆφ’]
568 1306 663 1360 ἄμφ’
686 1308 752 1348 M.

461 1386 557 1439 967.
577 1386 700 1436 μύσος
720 1385 941 1425 Porsonus.
972 1387 1094 1434 μῦσος
1114 1383 1249 1438 vulgo.

460 1474 602 1529 ἐλάσῃ]
624 1462 764 1517 moe?
788 1473 855 1514 M.

460 1552 556 1605 968.
580 1554 834 1603 καθαρμοῖσιν
854 1551 1134 1591 Hermannus.
1168 1552 1376 1601 καθαρμοῖς
1396 1548 1500 1589 libri.

460 1629 557 1670 ἆτᾶν
578 1628 834 1669 Schuetzius.
884 1627 1122 1683 Legebatur
1143 1626 1259 1668 ἅπαν.
1302 1626 1495 1678 καθαρμὸς
1514 1626 1608 1668 ἄτας
1637 1626 1839 1679 ἐλατήριος

402 1695 630 1750 conjecerat
652 1693 868 1735 Stanleius.

461 1761 682 1816 ἐλατήριον]
706 1762 1024 1817 Purgatorium.
1065 1759 1269 1812 φάρμακον
1289 1760 1528 1811 καθαρτικόν.
1577 1758 1762 1815 Hesych.
1782 1759 1838 1799 sic

402 1828 523 1870 etiam
557 1827 681 1869 schol.
741 1827 854 1868 Hinc
887 1827 1014 1867 herba
1046 1826 1249 1881 quaedam,
1285 1824 1467 1866 cucumis
1497 1825 1679 1880 agrestis,
1716 1826 1839 1866 elate-

402 1894 509 1935 rium
540 1894 704 1944 dicitur‚
725 1894 779 1935 ob
798 1893 879 1934 vim
910 1893 999 1949 ejus
1024 1892 1311 1949 purgatricem.
1370 1891 1498 1932 Plura
1524 1891 1638 1932 dabit
1665 1893 1836 1933 Foesius.

406 1963 636 2003 BLOMF.

461 2030 558 2083 969.
588 2029 686 2083 τύχᾳ
705 2027 735 2068 δ’
759 2027 1095 2081 εὖπροσωποκοίτᾳ
1115 2027 1391 2066 Hermannus.
1431 2026 1530 2077 τύχα
1549 2024 1578 2064 δ’
1602 2025 1838 2080 εὖπροσώπῳ

404 2096 511 2150 κοίτᾳ
529 2094 645 2136 libri:
678 2094 792 2150 quod
811 2093 910 2149 legit
927 2093 1152 2142 scholiasta,
1172 2094 1196 2143 ἡ
1216 2094 1258 2132 δὲ
1277 2093 1373 2145 τύχη
1397 2095 1467 2132 νῦν
1488 2093 1532 2131 ἐν
1552 2091 1696 2145 εὐόπτῳ
1718 2093 1838 2142 κοίτῃ,

403 2161 504 2202 τοῦτ’
527 2162 635 2203 ἔστιν
666 2163 709 2202 ἐν
734 2163 863 2214 ἀγαθῇ
894 2159 1130 2201 καταστάσει
1158 2159 1254 2211 πρὸς
1281 2158 1325 2198 τὸ
1354 2160 1449 2198 ἰδεῖν
1475 2160 1522 2198 τὰ
1552 2161 1621 2198 νῦν
1647 2159 1838 2210 γεγονότα

405 2229 467 2270 καὶ
488 2228 629 2280 ἑτέρων
647 2228 847 2280 λεγόντων
867 2228 1044 2267 ἀκοῦσαι.
1075 2227 1202 2266 λείπει
1221 2225 1264 2265 τὸ
1286 2225 1382 2264 ἐστί.

461 2315 558 2359 970.
581 2306 678 2345 ἰδεῖν
697 2305 860 2344 ἀκοῦσαι
881 2301 1116 2355 θρεομένοις]
1139 2300 1282 2341 Lectio
1303 2291 1458 2340 bitiosa.
1504 2301 1598 2340 ἰδεῖν
1617 2299 1838 2351 θρευμένοις

405 2371 681 2411 Hermannus.

459 2447 555 2491 971.
570 2435 739 2488 μέτοικοι
753 2437 880 2486 δόμων
895 2434 1095 2490 Scaliger:
1126 2434 1237 2489 quod
1254 2432 1352 2488 legit
1368 2431 1592 2483 scholiasta,
1606 2433 1643 2472 οἱ
1663 2436 1732 2473 νῦν
1751 2434 1839 2477 τοὺς

404 2504 542 2554 δόμους
562 2504 754 2545 οἰκοῦντες
773 2504 983 2542 πεσοῦνται
1005 2503 1058 2544 εἰς
1078 2500 1120 2540 τὸ
1138 2500 1306 2551 ἔμπαλιν
1319 2502 1384 2550 τῆς
1403 2500 1552 2551 πρώτης
1570 2499 1698 2551 τύχης.
1727 2503 1838 2540 τοῦτο

403 2571 445 2611 δὲ
465 2569 542 2610 ἀπὸ
563 2572 640 2609 τῶν
661 2569 791 2620 κύβων
817 2567 1025 2621 μετήγαγε.
1055 2568 1336 2618 μετοικοδόμων
1363 2567 1428 2607 Μ.
1450 2565 1559 2606 Rob.
1584 2565 1725 2622 Steph.
1756 2565 1836 2617 μετ’

403 2637 614 2687 οἰκοδόμων
635 2634 776 2676 Guelf.
794 2633 896 2675 Ald.
918 2635 1051 2674 Turn.

460 2713 558 2757 972.
578 2701 683 2754 πάρα
704 2702 926 2742 Porsonus.
955 2702 1060 2753 παρὰ
1078 2699 1216 2754 vulgo.

460 2778 555 2823 973.
592 2768 662 2819 τὴν
696 2770 837 2818 διπλῆν
869 2766 1090 2821 τυραννίδα]
1127 2764 1394 2820 Musgravius
1427 2764 1583 2804 confert
1618 2762 1839 2804 Libanium

401 2834 481 2876 vol.
517 2848 552 2875 1.
591 2849 632 2890 p.
668 2846 767 2887 507.
801 2835 853 2875 C.
893 2833 1015 2874 ἄλλαι
1052 2833 1272 2884 τυραννίδες
1305 2830 1466 2884 Ἐχετοι
1505 2831 1566 2872 καὶ
1603 2829 1837 2881 Φαλάριδες.
