1962 3224
381 198 466 242 494·
850 199 1346 244 ANNOTATIONES

379 323 449 349 vas
468 308 724 365 repetitiones
745 309 1040 367 ἔργων-ἔργῳ,
1060 321 1101 353 et
1120 311 1479 366 πατρὸς-πατρός.
1528 311 1689 363 Quibus
1708 312 1812 368 ejec-

378 373 430 416 tis
456 374 571 430 lego;
605 376 655 417 σὺ
675 377 717 417 δὲ
744 380 901 429 θαρσῶν
924 379 1019 419 ὅταν
1037 378 1109 429 ἥκῃ
1133 378 1140 435 Ι
1165 378 1281 431 μέρος
1310 379 1448 432 ἔργων,
1471 377 1642 421 ἐπαΰσας
1670 379 1814 430 πατρὸς

379 441 501 482 αὐδᾶν
525 440 533 498 Ι
558 443 728 497 θροούσᾳ
755 442 918 485 τέκνονῑ
946 443 954 500 Ι
978 442 1073 497 πρός
1096 461 1156 491 σε,
1179 444 1326 497 πέραιν’
1350 446 1570 499 ἐπίμομφον
1590 446 1698 486 ἄταν.
1729 444 1757 485 i.
1777 460 1812 486 e.

383 508 452 550 Ta
477 522 573 549 vero
591 510 796 550 constanti
823 511 973 560 animo,
994 511 1157 566 quando
1187 513 1373 553 veneri-nt
1394 518 1540 568 partes
1569 519 1664 560 tuae,
1685 512 1815 552 accla-

377 588 496 615 mans
510 576 649 630 patris
669 588 801 616 vocem
826 578 985 631 (matri)
1007 578 1063 617 ad
1091 583 1143 627 te,
1164 593 1188 619 o
1200 579 1304 633 fili!
1333 579 1539 630 clamanti,
1561 581 1707 635 confice
1733 593 1813 619 sce-

377 639 549 682 leratam
578 647 750 697 pestem.
813 643 864 683 In
905 643 1064 696 πέραινε
1101 643 1254 685 librarii
1292 645 1584 701 apostrophum
1626 645 1814 686 habuisse

378 705 570 748 videntur
598 722 674 763 pro
694 707 849 763 syllaba
868 726 934 750 ων.
985 709 1104 751 Conf.
1127 711 1238 752 Bast.
1259 711 1312 751 ad
1335 711 1508 766 Gregor.
1530 713 1624 753 Cor.
1655 727 1696 768 p.
1719 714 1812 766 778.

379 774 488 828 seq.''
546 774 652 815 Haec
681 774 761 816 ille.
796 775 945 828 πέραιν’
967 778 1168 818 Auratus.
1213 779 1318 827 Quae
1347 777 1456 826 dedi,
1477 793 1570 819 cum
1601 779 1814 835 strophicis

378 838 531 894 optime
550 851 797 896 congruunt.
828 843 902 883 ἄτα
918 842 1243 898 Clytaemnestrae
1257 853 1365 885 certe
1384 859 1465 885 non
1482 846 1697 899 ἐπίμομφος
1711 855 1812 896 erat,

378 905 503 946 choro
521 906 652 947 saltim
668 907 833 963 judioe3
865 923 958 949 nam
983 909 1151 950 Seidleri
1170 910 1540 966 interpretationem
1562 912 1676 953 nullo
1692 913 1815 954 modo

377 971 700 1028 amplectendam
731 989 886 1026 censeo,
915 978 1064 1031 confice
1091 977 1328 1017 sceleratam
1349 983 1519 1033 pestem.
1578 978 1730 1018 Melior
1753 986 1814 1019 est

380 1038 563 1080 Schutzii
593 1040 736 1088 versio,
756 1043 893 1096 finem
919 1044 1080 1099 impone
1112 1044 1339 1084 calamitati
1371 1044 1468 1085 huic
1500 1045 1812 1092 abominandae;

377 1105 450 1147 sed
469 1106 567 1148 ἄταν
586 1106 752 1147 omnino
775 1107 827 1148 de
855 1108 967 1149 caede
988 1108 1315 1164 Clytaemnestrae
1343 1125 1437 1151 cum
1467 1110 1639 1151 Butlero
1667 1110 1814 1166 accipi-

377 1172 544 1215 endum.
603 1174 726 1224 Quod
747 1174 778 1215 si
799 1175 1001 1231 particula
1021 1175 1244 1231 negationis
1266 1186 1372 1218 recte
1391 1176 1529 1218 abesse
1557 1187 1703 1233 potest,
1725 1188 1813 1219 tum

378 1239 544 1295 legerim
567 1241 992 1295 ἐπάῦσον-νπεραίνων
1022 1244 1243 1296 ἐπίμομφον
1262 1244 1372 1286 ἄταν.
1433 1245 1626 1286 Dubitari
1646 1245 1812 1300 quidem

377 1316 513 1362 potest
531 1307 583 1349 de
612 1307 816 1350 locutione
837 1311 1006 1366 θροούσᾳ
1026 1328 1087 1361 σε,
1109 1311 1261 1361 τέκνον,
1283 1325 1392 1351 meas
1421 1320 1555 1352 tamen
1586 1327 1703 1352 aures
1731 1327 1813 1352 non

378 1373 507 1416 laedit.
567 1376 761 1417 Ceterum
791 1391 894 1432 pene
923 1377 1104 1432 suspicor
1128 1393 1262 1419 veram
1293 1378 1503 1419 lectionem
1524 1393 1621 1429 esse,
1643 1377 1815 1422 ἐπαΰσας

379 1442 523 1494 πατρὸς
551 1443 686 1496 ὀργάν.
748 1443 791 1484 Si
821 1453 928 1485 recte
961 1459 1002 1485 se
1030 1444 1154 1486 habet
1183 1445 1316 1495 αὐδάν,
1351 1445 1652 1501 interpretarer,
1671 1446 1815 1500 patris

381 1521 529 1558 vocem,
551 1508 656 1550 idem
677 1525 762 1550 esse
787 1525 833 1551 ac
857 1511 997 1566 patris
1023 1525 1182 1552 nomen.
1207 1527 1260 1552 sc.
1281 1527 1403 1568 quum
1426 1513 1497 1552 z‘lla
1516 1512 1708 1553 clamabit
1724 1512 1812 1560 tibi,

379 1575 530 1625 τέκνον,
569 1581 614 1616 tu
652 1577 715 1616 illi
752 1577 1032 1632 ingeminabis
1069 1577 1204 1630 πατήρ.
1250 1578 1477 1620 BLOMF.
1537 1578 1618 1628 Qui
1657 1578 1814 1633 scripsit

378 1640 552 1685 ἐπαΰσας
580 1643 726 1695 πατρὸς
757 1644 889 1694 αὐδὰν,
915 1643 924 1696 Ι
950 1645 1118 1699 θροούσᾳ
1152 1661 1214 1694 σε,
1242 1645 1393 1695 τέκνον,
1421 1644 1427 1701 Ι
1451 1645 1600 1698 πέραιν’
1631 1646 1699 1686 οὐκ
1730 1647 1810 1687 ἐπί-

376 1713 535 1761 μομφον
555 1709 667 1750 ἄταν.

436 1775 531 1828 829.
552 1775 687 1830 αὐδὰν]
709 1775 834 1817 αὐδῶν
855 1776 997 1818 Guelf.
1018 1777 1118 1817 Ald.

436 1842 529 1897 830.
553 1842 793 1898 ἐπίμομφον]
816 1844 1040 1896 ἐπίμομφαν
1061 1843 1203 1885 Guelf.
1222 1844 1323 1886 Ald.
1344 1853 1385 1886 et
1404 1845 1572 1886 sortasse
1594 1846 1659 1886 M.

435 1909 551 1963 ἄταν]
575 1909 706 1962 φάταν
724 1909 826 1950 Ald.

436 1976 530 2030 831.
551 1975 582 2016 τ’
606 1977 823 2017 Porsonus.
855 1993 897 2017 τε
916 1976 1020 2018 libri.

435 2044 621 2097 Περσέως
650 2046 824 2100 καρδίαν]
847 2050 874 2070 “
891 2047 986 2086 Hoc
1009 2056 1069 2087 est
1094 2046 1301 2095 saxeum‚''
1319 2045 1453 2100 inquit
1485 2044 1708 2086 Stanleius:
1742 2044 1814 2084 mi-

378 2126 456 2152 nus
474 2121 595 2152 recte.
628 2113 730 2162 Quis
749 2113 855 2153 enim
877 2114 927 2154 de
947 2113 1085 2154 Persei
1104 2127 1228 2154 saxeo
1247 2113 1363 2154 corde
1377 2112 1502 2153 fando
1517 2112 1706 2153 audivit?
1739 2112 1814 2152 Vel

377 2178 546 2220 denotat
565 2178 800 2234 simpliciter
819 2179 1043 2230 audaciam,
1060 2179 1192 2235 qualis
1206 2189 1292 2221 erat
1314 2179 1475 2226 Persei;
1509 2178 1572 2219 vel
1588 2193 1680 2219 cum
1699 2178 1812 2219 scho-

376 2247 493 2288 liasta
507 2247 857 2302 interpretandum
871 2263 884 2299 3
915 2248 998 2288 ἐπεὶ
1014 2247 1332 2300 ἀπεστραμμένος
1352 2246 1615 2299 ἐκαρατόμησε
1635 2246 1705 2297 τὴν
1725 2246 1810 2286 Μέ-

377 2316 535 2355 δουσαν·
558 2314 834 2366 ἀποστραφεὶς,
858 2315 994 2366 φησὶν,
1010 2315 1059 2357 ὡς
1079 2316 1236 2360 ἐκεῖνος,
1258 2314 1310 2366 μή
1327 2330 1406 2357 πως
1426 2315 1616 2365 θεώμενος
1632 2315 1813 2368 αἰδεσθῇς

376 2381 447 2432 τὴν
465 2380 623 2433 μητέρα.
666 2380 746 2421 Sed
768 2380 902 2421 forsan
922 2380 999 2421 hoc
1019 2380 1138 2421 nimis
1156 2390 1364 2436 argutum.
1402 2381 1538 2421 Notus
1557 2389 1618 2421 est
1638 2381 1813 2421 Perseus

375 2447 430 2490 ob
450 2446 639 2488 mulieres
666 2446 923 2495 interemtas;
956 2462 1090 2503 neque
1109 2447 1215 2488 enim
1238 2448 1456 2489 Medusam
1479 2457 1655 2498 tantum,
1678 2447 1746 2488 sed
1771 2457 1813 2488 et

374 2514 489 2565 alias,
509 2529 604 2569 quae
623 2529 716 2554 cum
740 2514 903 2555 Baccho
921 2524 1062 2555 contra
1080 2516 1220 2570 Argos
1250 2514 1553 2561 militabantur;
1586 2515 1666 2556 vid.
1699 2516 1811 2555 Pau-

375 2597 460 2625 san.
483 2594 522 2632 2,
543 2594 610 2632 20,
629 2595 669 2635 3.
701 2582 929 2623 BLOMF.

432 2648 595 2704 φρεσὶν]
616 2649 787 2702 φρεσσὶν
807 2649 872 2689 Μ.
895 2647 1036 2690 Guelf.
1066 2649 1187 2701 φρεσὶ
1206 2650 1340 2689 Turn.
1365 2647 1508 2703 Steph.

433 2716 529 2771 832.
565 2717 738 2770 σχεθὼν]
778 2715 935 2769 σχέθων
968 2714 1108 2770 vulgo.
1154 2720 1182 2740 “
1197 2715 1354 2769 σχέθων
1391 2714 1432 2754 in
1473 2713 1725 2767 κατασχέθων
1757 2713 1810 2753 ob

374 2793 550 2825 metrum
581 2784 762 2831 mutavi;
794 2798 876 2824 non
907 2792 1040 2823 tamen
1061 2793 1109 2823 ut
1135 2782 1214 2823 hoc
1242 2797 1318 2838 pro
1337 2789 1447 2822 certo
1476 2780 1659 2821 habeam.
1702 2779 1810 2820 κατέ-

373 2867 462 2905 χειν
489 2850 696 2891 interdum
725 2849 833 2891 idem
864 2849 971 2890 valet
999 2863 1046 2890 ac
1075 2848 1246 2904 simplex
1277 2848 1399 2902 ἔχειν,
1420 2862 1454 2888 e.
1474 2862 1514 2902 g.
1536 2847 1690 2900 Agam.
1708 2859 1806 2898 441.

378 2926 498 2972 1547.
531 2916 676 2974 Suppl.
697 2918 765 2961 26.
795 2916 944 2972 Eurip.
965 2914 1117 2958 Bacch.
1139 2915 1235 2970 877.
1261 2913 1358 2969 χεῖρ’
1378 2914 1474 2966 ὑπὲρ
1504 2915 1674 2966 κορυφᾶς
1699 2911 1707 2968 Ι
1730 2916 1808 2954 τῶν
