1962 3224
0 2004 14 2083 Ξ

0 2098 10 2114 ξ

0 2118 10 2130 ς,

534 185 625 226 AD
656 184 1076 227 AGAMEMNON
1087 184 1191 226 EM.
1516 184 1594 225 401

200 307 217 335 1
229 308 247 336 1
259 293 324 349 17.
345 297 530 350 ἀκόρετος
549 296 742 339 Bothius.
779 298 993 351 ἀκόρεστος
1011 296 1118 339 libri.

201 376 218 403 1
231 377 247 404 1
259 364 327 406 18.
359 367 461 417 θῦμα
479 365 688 417 λεύσιμον,
708 365 982 417 Sacrificium
1011 366 1272 422 lapidatione
1291 364 1488 421 dignum.
1520 364 1544 405 i.
1566 379 1600 406 e.

141 430 291 472 Caedes
306 431 650 488 Agamemnonis,
666 431 920 489 lapidatione
937 432 1270 489 Clytaemnestrae
1290 431 1602 473 vindicandum.

141 498 212 539 Ita
242 499 476 548 Heathius;
509 509 551 542 et
582 500 660 542 hoc
690 500 844 542 rectius
871 510 977 557 puto
1011 515 1139 556 quam
1173 499 1335 541 Butleri
1362 499 1605 556 interpreta-

140 577 345 619 mentum,
366 568 590 624 probatum
606 567 808 610 Elmsleio
826 568 879 610 ad
901 567 1071 610 Her-acl.
1095 570 1190 623 765.
1211 569 1470 623 sacr-{ficium
1494 581 1607 610 exse-

138 636 358 678 crandum.
390 637 623 679 BLOMF.
675 637 820 689 θύματε
841 636 970 678 Ald.:
1006 636 1118 678 unde
1138 637 1279 689 θύματι
1301 637 1441 677 Turn.

202 716 220 744 1
234 716 245 744 ι
259 717 327 758 19.
350 704 458 746 κέλει
478 706 704 747 Porsonus.
737 704 832 756 κέλῃ
847 703 956 756 libri,
977 704 1054 745 nisi
1074 703 1190 760 quod
1212 702 1312 756 κοίλη
1327 703 1430 746 Ald.
1454 719 1505 745 ex
1521 719 1608 760 quo

142 776 259 813 καλεῖ
274 771 372 814 fecit
391 773 531 814 Turn.
593 773 646 814 In
668 774 734 815 M.
754 772 814 829 gl.
836 773 924 814 ἀντὶ
943 777 1013 814 τοῦ
1032 772 1183 826 λέγειν,
1205 772 1321 828 quod
1348 772 1402 814 ad
1424 770 1607 825 ἐπορθιά-

140 844 221 888 ζειν
241 850 412 897 spectat.

204 922 326 953 1120.
349 907 610 966 ἐπορθιάζειν]
633 908 872 963 ἐπορθιάζων
891 910 1028 951 Turn.

204 990 325 1021 1121.
348 979 431 1033 ἐπὶ]
457 979 543 1020 ἐπεὶ
564 978 707 1020 Guelf.
730 978 834 1019 Ald-

203 1046 476 1100 κροκοβαφής]
508 1051 537 1071 “
554 1047 626 1088 Ex
655 1045 848 1103 opinione
878 1045 1082 1102 vulgari‚”
1111 1046 1248 1102 inquit
1280 1045 1500 1096 Stanleius‚
1525 1045 1608 1087 “in

145 1122 260 1155 metu
295 1129 447 1171 magno
477 1114 718 1171 sanguinem
748 1114 801 1156 ad
833 1129 904 1156 cor
934 1115 1182 1155 recurrere.”
1227 1113 1344 1170 Virg.
1378 1114 1534 1170 Georg.
1569 1125 1609 1164 2,

144 1182 246 1235 484.
281 1182 495 1239 Frigidus
528 1183 734 1224 obstiterit
769 1183 926 1223 circwn
947 1182 1197 1239 praecordia
1226 1183 1421 1239 sanguis.
1469 1182 1610 1223 Theb.

147 1250 244 1306 834.
266 1249 386 1292 κακόν
405 1267 442 1292 τι
462 1250 624 1304 καρδίαν
642 1267 693 1303 με
706 1251 925 1303 περιπῖτνει
946 1251 1072 1303 κρύος.
1135 1251 1249 1291 Tota
1278 1249 1481 1291 sententia
1509 1248 1613 1290 nihil

144 1317 259 1359 aliud
279 1317 474 1374 exprimit
494 1333 620 1375 quam
634 1318 788 1375 palleo,
809 1318 924 1374 quod
940 1317 1101 1359 notavit
1121 1319 1179 1359 Is.
1192 1318 1378 1359 Vossius.
1413 1319 1612 1359 Ceterum

146 1396 194 1428 ut
210 1386 414 1443 AEschylo
432 1387 600 1443 sanguis
619 1386 773 1428 dicitur
794 1386 1049 1440 κροκοβαφὴς
1068 1387 1244 1440 σταγών,
1262 1385 1318 1427 sic
1337 1385 1452 1442 apud
1482 1385 1614 1427 Shak-

146 1454 351 1511 spearium
369 1464 573 1507 nostrum,
595 1457 698 1496 clear
716 1469 766 1497 as
787 1455 854 1497 the
872 1455 1013 1511 ruddy
1034 1456 1162 1511 drops
1189 1454 1305 1496 Tkat
1325 1455 1426 1495 visit
1446 1468 1516 1510 my
1536 1453 1616 1495 sad

146 1521 277 1564 beart.
309 1523 542 1564 BLOMF.

210 1602 332 1632 1122.
363 1591 512 1646 καιρία]
547 1591 610 1632 καὶ
632 1591 716 1645 (καὶ
744 1605 825 1632 om.
850 1592 927 1645 T.)
950 1592 1070 1645 δωρία
1100 1590 1200 1632 Ald.
1224 1592 1363 1632 Turn.
1412 1591 1474 1632 καὶ
1505 1591 1618 1644 δόρια

149 1658 218 1699 Μ.
252 1659 316 1699 καὶ
334 1659 446 1711 δορία
467 1658 611 1715 steph.
645 1659 708 1700 καὶ
726 1660 828 1712 διρία
848 1659 960 1701 Rob.
982 1659 1095 1701 unde
1114 1658 1276 1701 restitui
1298 1660 1440 1713 καιρία.

212 1739 334 1781 1123.
373 1727 576 1778 ξυνανύτει
606 1728 832 1769 Porsonus.
872 1731 1082 1779 ξυνανυτεῖ
1110 1727 1255 1784 Steph.
1296 1731 1482 1778 ξυναντεῖ
1510 1726 1616 1768 Ald.

149 1797 261 1839 Rob.
285 1797 422 1839 Turn.
457 1802 485 1821 ‘⁴
501 1796 678 1853 Sanguis
697 1796 750 1838 ad
772 1797 1002 1854 praecordia
1029 1812 1243 1839 recurrens
1270 1797 1616 1839 moribundorum

149 1864 277 1906 vitam
298 1864 474 1906 conficit.
525 1866 688 1906 Locum
710 1865 889 1922 Anglice
918 1865 1114 1916 verteris,
1131 1865 1382 1906 contrihutes
1413 1871 1452 1906 to
1482 1866 1619 1906 extin-

143 1933 280 1991 gui-eh
300 1933 366 1974 the
385 1933 613 1990 splendour
631 1933 756 1989 ofthe
774 1935 935 1991 setting
952 1948 1033 1975 sun
1049 1934 1199 1990 oflgfl‘.
1232 1932 1447 1974 Theocrit.
1468 1946 1504 1980 1,
1525 1945 1619 1973 102.

152 2001 224 2054 ἤδη
254 2003 330 2054 γὰρ
361 1999 532 2054 φράσδει
561 1999 692 2050 πάνθ’,
728 1999 844 2042 ἅλιον
874 2001 971 2052 ἄμμι
998 2001 1184 2042 δεδύκειν.
1236 1999 1317 2050 Qui
1347 1999 1401 2040 ad
1431 1999 1619 2040 ultimam

152 2068 286 2111 aetatis
316 2078 466 2110 metam
487 2067 754 2118 accedebant,
770 2083 984 2124 vesperam
1015 2083 1139 2124 agere
1168 2068 1428 2109 dicebantur.
1474 2066 1622 2108 Alexis

153 2152 222 2194 ap.
246 2136 362 2178 Stob.
385 2136 456 2188 ἤδη
476 2138 553 2190 γὰρ
574 2137 595 2176 ὁ
616 2137 705 2187 βίος
726 2135 844 2188 οὑμὸς
865 2135 1039 2189 ἑσπέραν
1058 2134 1184 2189 ἄγει.”
1218 2136 1452 2176 BLOMF.

214 2217 339 2260 1125.
362 2204 388 2245 ἂ
407 2205 451 2259 ἄ]
478 2203 750 2245 scribendum
774 2204 840 2245 ἆᾶ.

211 2273 326 2327 βοὸς]
350 2274 451 2324 βοῆς
471 2272 526 2312 Τ.
871 2315 894 2339 ν

217 2343 340 2382 1126.
364 2338 639 2394 μελάγκερων]
662 2338 895 2393 μελάγκερω
913 2340 979 2381 Μ.
1011 2338 1244 2392 μελαγκέρω
1266 2339 1375 2381 Rob.
1408 2341 1624 2394 μελαγκαί-

155 2426 252 2464 ρωνι
281 2408 426 2451 Guelf.
449 2407 552 2450 Ald.
593 2413 621 2432 ‘⁶
638 2407 840 2448 Dativum
870 2406 971 2463 legit
993 2406 1224 2457 scholiasta,
1247 2408 1334 2448 ἀντὶ
1364 2411 1432 2448 τοῦ
1466 2425 1625 2461 κεκρυμ-

155 2477 274 2532 μένῳ.
311 2476 524 2533 Adjicitur
541 2475 711 2526 ibidem,
729 2476 877 2523 ἄλλως,
900 2477 966 2526 τῆς
985 2474 1234 2527 μελαγκέρου
1249 2476 1347 2523 βοός
1363 2492 1374 2524 ;
1406 2475 1625 2532 legebatur

155 2545 285 2602 igitur
298 2543 340 2585 in
362 2543 612 2600 quibusdam
628 2542 935 2600 exemplaribus
948 2543 1196 2596 μελαγκέρω,
1213 2542 1320 2585 sicut
1341 2543 1623 2585 Robortellus.

159 2612 368 2654 Stanleius
391 2611 568 2652 advocat
599 2610 750 2667 Odyss.
777 2615 828 2660 A,
847 2623 949 2662 410.
982 2610 1035 2651 de
1064 2611 1383 2667 Agamemnone
1415 2613 1466 2655 ὥς
1493 2613 1551 2654 τίς
1582 2629 1625 2652 τε

157 2681 369 2723 κατέκτανε
388 2682 490 2731 βοῦν
512 2679 576 2719 ἐπὶ
596 2676 765 2734 φάτνῃ.”
798 2678 1032 2719 BLOMF.

218 2748 341 2790 1128.
363 2749 491 2788 πίτνει
513 2745 797 2786 Blomfieldus.
839 2748 972 2786 πιτνεῖ
994 2745 1134 2800 vulgo.
1178 2747 1311 2786 πίπτει
1334 2746 1470 2786 Turn.
1516 2747 1626 2787 πίπει

159 2816 305 2858 Guelf.
326 2814 429 2857 Ald.

215 2886 259 2926 ἐν
279 2882 441 2925 addidit
463 2879 724 2923 Schuetzius.

215 2952 381 3008 ἐνύδρῳ]
405 2952 450 2992 ἐν
469 2951 569 3003 ὕδρῳ
590 2947 694 2988 Ald.

851 3029 877 3071 3
901 3029 928 3056 E
