1962 3224
369 212 452 252 338
842 208 1335 251 ANNOTATIONES

427 321 495 375 98.
516 320 654 375 αἰνεῖν]
678 321 798 361 εἰπεῖν
820 321 873 360 Τ.
897 319 1037 374 steph.

428 400 496 441 99.
526 403 569 427 τε
593 385 845 442 negligenter
873 385 1077 434 additum,
1096 382 1442 439 quemadmodum
1468 382 1550 423 εἶτα
1570 390 1660 436 post
1679 380 1804 436 parti-

371 452 475 508 cipia
494 452 672 493 additur.

433 531 526 560 100.
556 519 662 572 τότε]
688 517 763 559 εὖθ’
785 518 850 558 ὅτε
870 517 970 558 Ald.
993 531 1127 557 errore
1147 515 1374 572 typothetae
1396 529 1469 569 pro
1490 513 1571 555 ἔσθ’
1594 515 1672 563 ὅτε,
1693 512 1806 568 quod

372 584 496 626 habet
517 584 659 626 Guelf.

428 652 501 702 μὲν
520 665 600 691 om.
621 649 723 690 Ald.

431 716 651 771 κακόφρων]
674 717 870 757 Animum
902 717 1045 757 timore
1070 717 1262 771 qfficz'em.
1325 716 1452 755 Sensu
1480 713 1655 755 insolito.
1717 713 1809 753 Ple-

373 798 548 838 rumque
569 783 675 823 valet
693 784 919 838 malignus.
954 783 1183 823 BLOMF.

434 863 524 890 101.
561 850 689 902 ἀγανᾶ
722 849 915 902 (debebat
945 849 1088 902 ἀγανὴ)
1121 846 1294 889 σαίνουσ’
1323 848 1530 889 Butlerus.
1562 847 1690 899 ἆγανᾶ
1719 846 1809 898 φαί-

375 915 480 956 νουσ’
503 916 559 956 Τ.
583 915 726 970 Steph.
758 916 886 967 ἆγανᾶ
913 916 1066 967 φαίνεις
1087 916 1153 955 Μ.
1176 914 1317 955 Guelf.
1339 915 1473 954 Turn.
1506 912 1607 966 ἄγαν
1633 913 1811 965 ἆῲαίνεις

375 981 475 1022 Ald.
507 983 635 1034 ἆγανὰ
655 980 812 1033 φανεῖσ’
835 981 944 1022 Rob.

435 1061 528 1090 102.
550 1047 766 1101 ἄπληστον]
787 1048 1001 1088 ἄπλαστον
1022 1048 1086 1088 Μ.
1109 1047 1248 1088 Guelf.
1271 1047 1372 1088 Ald.
1396 1047 1505 1088 Rob.

436 1127 527 1168 103.
552 1117 617 1164 τῆς
637 1114 855 1165 θυμοβόρου
876 1113 1003 1165 φρένα
1022 1113 1146 1164 λύπης
1165 1115 1441 1154 Hermannus.
1473 1112 1543 1163 τὴν
1564 1113 1812 1164 θυμόφθορον

375 1182 499 1230 λύπης
521 1179 649 1232 φρένα
670 1180 734 1220 Μ.
758 1179 899 1220 Guelf.
920 1179 1022 1219 Ald.
1044 1181 1153 1221 Rob.
1184 1180 1254 1231 τὴν
1284 1181 1504 1232 θυμοβόρου
1533 1180 1657 1230 λύπης
1686 1179 1813 1232 φρένα

379 1247 519 1301 Steph.
549 1246 620 1296 τὴν
639 1247 860 1299 θυμοβόρου
878 1246 1109 1298 λυποφρένα
1130 1247 1185 1286 Τ.
1211 1246 1281 1297 τὴν
1302 1247 1522 1298 θυμοβόρου
1542 1245 1668 1298 φρένα
1687 1247 1813 1296 λύπης

379 1314 513 1353 Turn.
544 1311 818 1353 Accusativus
838 1311 964 1364 φρένα
983 1312 1035 1352 ab
1055 1312 1256 1367 adjectivo
1275 1313 1431 1368 regitur
1451 1314 1681 1364 θυμοβόρου,
1699 1311 1812 1367 quod

377 1393 453 1434 pro
472 1379 771 1430 βιβρωσκούσης
790 1378 945 1419 dictum
967 1388 1039 1418 est.

439 1457 651 1496 104——121
667 1464 707 1481 =
722 1455 953 1498 122—139.

439 1524 533 1564 104.
557 1513 686 1551 Hunc
705 1525 867 1551 versum
889 1510 1047 1566 profert
1067 1509 1256 1565 AEschyli
1277 1524 1448 1565 persona
1465 1509 1505 1549 in
1524 1509 1813 1565 Aristophanis

380 1578 510 1618 Ranis
529 1578 648 1630 1276.
670 1576 742 1617 ubi
760 1591 836 1631 pro
856 1577 962 1616 ὅδιον
982 1574 1131 1630 legitur
1151 1576 1274 1617 ὅσιον.
1299 1574 1430 1616 Schol.
1453 1577 1497 1615 ἐν
1515 1579 1594 1618 τοῖς
1613 1575 1814 1618 πλείστοις

380 1646 523 1685 αἴσιον.
542 1642 830 1694 Ἀσκληπιάδης
849 1642 892 1682 τὸ
917 1643 1038 1683 ὅσιον.
1060 1641 1211 1696 quibus
1230 1657 1279 1682 ex
1302 1641 1434 1682 verbis
1455 1641 1657 1683 Stanleius
1671 1640 1814 1681 Ascle-

379 1710 541 1765 piadem
579 1709 723 1764 legisse
760 1717 945 1749 autumat
983 1709 1090 1748 ὅδιον
1125 1708 1260 1760 κράτος
1290 1709 1403 1750 ὅσιον
1437 1710 1596 1761 ἀνδρῶν.
1657 1709 1813 1749 Contra

381 1776 575 1816 Pauwius
593 1790 732 1816 vocem
754 1775 866 1815 ὅσιον
884 1774 935 1815 ad
957 1776 1062 1816 ὅδιον
1082 1774 1280 1830 pertinere
1299 1784 1447 1826 censet,
1467 1775 1647 1830 legitque
1668 1777 1712 1817 ἐν
1731 1780 1812 1819 τοῖς

380 1843 581 1885 πλείστοις
628 1844 746 1889 ὅδιον,
790 1841 1078 1892 Ἀσκληπιάδης
1125 1843 1168 1882 δὲ
1215 1842 1339 1882 ὅσιον.
1383 1842 1608 1883 BLOMF.
1682 1843 1812 1883 Recte

381 1909 587 1949 Pauwius.

438 1975 544 2015 ὅδιον
575 1974 725 2028 κράτος]
751 1974 910 2024 Robur,
942 1989 1011 2014 seu
1025 1975 1194 2029 fiducia
1223 1990 1318 2030 quae
1347 1976 1398 2016 ab
1428 1977 1561 2016 omine
1589 1977 1636 2016 in
1664 1977 1813 2018 itinere

381 2041 470 2081 viso
488 2041 725 2082 ducebatur.
751 2040 809 2080 uti
829 2050 937 2081 reete
957 2040 1132 2096 explicat
1151 2041 1374 2082 scholiasta.
1420 2043 1520 2083 Huc
1539 2042 1702 2098 respicit
1722 2043 1810 2084 He-

382 2106 494 2161 sych.
532 2105 669 2148 “Ὀδιος
698 2107 846 2149 οἰωνός.
887 2108 1023 2148 αἴσιος.
1084 2107 1201 2147 Infra
1226 2117 1317 2162 152.
1354 2109 1524 2160 Μόρσιμ’
1555 2108 1617 2150 ἀπ’
1650 2111 1814 2162 ὀρνίθων

381 2173 496 2213 ὁδίων
516 2174 632 2214 οἴκοις
651 2173 880 2223 βασιλείοις.
912 2173 1142 2213 BLOMF.
1708 2174 1710 2177 ’

443 2249 537 2291 105.
568 2238 772 2292 ἐκτελέων]
804 2239 1042 2279 Nobilium:
1077 2253 1162 2293 quo
1191 2253 1309 2279 sensu
1341 2241 1512 2283 ἐντελεῖς
1540 2255 1706 2295 quoque
1735 2240 1815 2281 dici

382 2302 559 2344 ostendit
590 2303 640 2342 L.
659 2302 899 2343 Dindorfius
927 2303 969 2343 in
1001 2304 1216 2345 Thesauro
1246 2305 1324 2346 vol.
1348 2319 1387 2360 3.
1414 2321 1454 2361 p.
1475 2319 1491 2346 1
1508 2320 1517 2346 ι
1526 2318 1594 2360 59.
1626 2306 1817 2348 ἐντελέων

382 2368 524 2424 reponi
545 2368 673 2409 voluit
692 2383 786 2409 cum
808 2369 1051 2410 Casaubono
1074 2370 1289 2420 Stanleius‚
1306 2371 1347 2411 in
1369 2387 1559 2428 supremo
1577 2373 1815 2428 magistratu

383 2434 623 2475 constitutos
642 2434 881 2490 intelligens.
943 2437 1043 2476 Post
1065 2437 1254 2478 ἐκτελέων
1273 2437 1387 2477 colon
1408 2447 1597 2493 ponatur.

442 2501 663 2541 καταπνείει
691 2500 794 2541 Ald.
836 2504 1062 2543 καταπνεύει
1093 2503 1156 2543 Fl.
1190 2505 1244 2543 T.
1277 2507 1502 2546 καταπναίει
1532 2506 1673 2547 Guelf.
1706 2523 1819 2547 κατα-

384 2565 494 2606 πνέει
526 2567 589 2605 Μ.
613 2566 721 2606 Rob.
753 2568 916 2608 Turn.:
953 2568 1063 2608 unde
1091 2569 1260 2609 fortasse
1289 2580 1409 2610 erunt
1438 2571 1510 2626 qui
1542 2576 1731 2613 καταπνεῖ
1753 2589 1819 2623 μοι

385 2631 616 2688 praeferant.

446 2699 538 2738 106.
559 2698 850 2753 moen-amu]
876 2698 1098 2740 Scholiasta
1118 2700 1205 2741 haec
1225 2700 1280 2742 sic
1299 2710 1359 2742 est
1377 2702 1680 2758 interpretatus,
1702 2706 1723 2744 ὁ
1743 2706 1819 2756 γὰρ

388 2762 585 2815 σύμφυτός
603 2779 668 2813 μοι
689 2764 795 2813 αἰὼν,
817 2765 840 2803 ὅ
860 2765 944 2805 ἐστι
964 2765 1007 2805 τὸ
1028 2768 1159 2818 γῆρας,
1183 2769 1244 2808 διὰ
1263 2768 1332 2819 τὴν
1349 2770 1402 2812 εἷς
1430 2769 1540 2812 θεοὺς
1567 2770 1698 2816 πειθὼ,
1719 2774 1818 2820 μολ-

385 2829 463 2878 πήν
495 2845 559 2878 μοι
595 2828 656 2868 καὶ
688 2829 811 2878 ἀλκὴν
840 2835 1036 2872 καταπνεῖ.
1078 2832 1101 2871 ὅ
1132 2834 1251 2883 ἐστιν,
1285 2835 1319 2874 εἰ
1353 2836 1414 2875 καὶ
1443 2834 1568 2887 γέρων
1598 2836 1686 2886 εἰμὶ,
1718 2837 1819 2886 ὅμως

385 2894 527 2946 μέλψω
549 2896 595 2934 τὰ
620 2893 822 2945 γεγονότα,
846 2895 1012 2936 πέποιθα
1042 2899 1117 2949 γὰρ
1147 2899 1206 2939 ὅτι
1236 2901 1288 2942 εἷς
1318 2900 1438 2951 πέρας
1468 2901 1564 2942 αὐτὰ
1593 2901 1752 2952 ἄξουσιν
1782 2903 1819 2941 οἱ
