1962 3224
369 195 452 236 432
837 198 1328 241 ANNOTATIONES

367 303 595 354 nutrivisse,
627 305 669 345 in
707 306 842 347 luctus
872 321 968 347 vero
1001 316 1184 362 tempore
1217 306 1450 348 totondisse.
1512 307 1643 349 Iidem
1675 308 1796 349 etiam

370 369 543 424 puberes
575 369 671 410 facti
703 370 853 412 crinem
888 371 1102 413 detonsum
1135 387 1367 413 consecrare
1400 372 1584 414 solebant
1613 372 1798 426 Apollini

368 435 611 489 κουροτρόφῳ
640 444 680 476 et
714 436 871 479 fluviis:
914 452 1037 492 quem
1073 452 1225 478 morem
1255 437 1460 478 inchoavit
1491 438 1692 488 Theseus,
1725 439 1799 494 qui

366 513 523 540 comam
552 514 603 540 ex
631 501 830 542 anteriore
859 502 1001 558 capitis
1031 512 1146 558 parte
1175 512 1324 543 sectam
1343 503 1529 558 Apollini
1553 503 1675 544 Delio
1704 519 1798 544 con-

367 565 550 606 secravit.
611 566 813 608 Stanleius
851 567 1007 608 confert
1047 569 1278 609 Homerum
1320 568 1371 609 Il.
1405 572 1454 610 Ψ.
1485 582 1576 620 140.
1613 578 1653 609 et
1691 579 1799 609 recte

365 631 581 688 distinguit
609 633 715 674 inter
743 633 933 689 capillum
956 633 1195 686 θρεπτήριον,
1216 647 1338 689 quem
1359 633 1597 675 fluminibus
1615 643 1688 674 aut
1707 634 1799 674 Diis

366 699 605 750 tondebant,
626 708 668 741 et
687 699 954 752 πενθητήριον,
975 714 1060 754 quo
1078 699 1227 740 amicos
1247 699 1330 740 vita
1347 699 1509 741 functos
1527 700 1796 740 honorabant.

368 763 487 804 Idem
515 765 757 817 observavit,
779 770 807 790 “
828 765 951 817 Quod
980 766 1180 816 πλόκαμος
1205 765 1455 817 πενθητήριος
1475 766 1688 822 AEschylo,
1710 767 1798 807 Eu—

365 828 487 884 ripidi
506 837 566 870 est
587 832 685 882 κόμα
703 830 892 883 πενθήρης
911 830 1112 872 Phoeniss.
1133 831 1257 886 332.”
1317 831 1435 872 Idem
1458 831 1594 872 valent
1621 831 1800 883 πένθιμοι

367 895 510 947 κουραί,
533 895 682 951 Eurip.
707 897 853 953 Suppl.
875 906 970 950 972.
1003 897 1230 938 BLOMF.
1291 898 1410 938 Duos
1435 898 1507 953 qui
1532 912 1628 939 mox
1658 912 1799 953 seque-

367 959 518 1001 bantur
535 975 689 1011 versus,

590 1059 635 1099 οὐ
655 1062 729 1112 γὰρ
749 1061 881 1112 παρὼν
900 1059 1038 1115 ᾤμωξα
1057 1061 1143 1109 σὸν,
1165 1061 1299 1114 πάτερ,
1320 1063 1453 1115 μόρον,

591 1124 667 1165 οὐδ’
691 1125 864 1176 ἐξέτεινα
882 1126 978 1181 χεῖρ’
1001 1127 1060 1168 ἐπ’
1082 1129 1230 1182 ἐκφορᾷ
1250 1132 1397 1180 νεκροῦ·

366 1237 418 1263 ex
439 1223 537 1263 MS.
557 1223 667 1264 edidi
685 1224 726 1264 in
747 1225 1007 1266 annotatione
1025 1224 1078 1266 ad
1098 1226 1245 1280 Eurip.
1262 1226 1417 1268 Alcest.
1439 1229 1532 1280 768.

428 1301 489 1329 10.
521 1288 594 1330 Ab
626 1288 702 1331 hoc
735 1304 853 1330 versu
885 1289 1085 1345 incipiunt
1115 1291 1273 1332 codices
1300 1291 1437 1334 adhuc
1465 1293 1599 1335 collati
1629 1303 1669 1335 et
1699 1295 1796 1336 Ald.

369 1354 477 1395 Rob.
500 1355 635 1396 Turn.
657 1355 800 1411 Steph.
858 1357 925 1396 De
944 1371 1029 1411 quo
1048 1356 1228 1398 diximus
1247 1357 1299 1398 ad
1321 1359 1471 1414 Agam.
1496 1360 1616 1400 1160.

423 1420 463 1460 τί
478 1423 623 1473 χρῆμα]
645 1422 759 1462 Ante
779 1421 866 1462 haec
888 1422 1010 1463 verba
1028 1422 1178 1464 excidit
1198 1423 1253 1464 ἔα.

429 1499 492 1540 13.
514 1487 681 1541 δόμοισι]
702 1488 833 1538 δόμοις
852 1488 961 1528 Rob.

424 1556 559 1603 πτῶμα
580 1554 714 1593 Turn.
738 1553 880 1609 Steph.
913 1555 1018 1605 πόμα
1039 1553 1137 1594 Ald.
1199 1555 1466 1596 Scribendum
1488 1559 1593 1608 πῆμα
1618 1572 1709 1598 cum
1733 1559 1797 1598 M.

370 1618 510 1658 Guelf.
533 1618 640 1659 Rob.
714 1672 718 1674 μ

424 1687 658 1740 προσκυρεῖ]
693 1687 775 1726 Per
802 1690 1048 1740 προσεγγίζει
1076 1687 1254 1743 explicat
1280 1689 1530 1745 Hesychius,
1550 1690 1719 1731 fortasse
1748 1706 1798 1731 ex

369 1750 446 1791 hoc
464 1750 553 1806 ipso
572 1751 672 1792 loco.
702 1758 915 1805 προσκυνεῖ
931 1754 1031 1794 Ald.
1054 1755 1187 1794 Turn.

429 1830 490 1868 14.
514 1817 722 1860 ἐπεικάσας
740 1819 861 1872 τύχω]
887 1820 924 1860 Ι.
945 1835 978 1860 e.
999 1821 1225 1874 numjbrte
1243 1822 1474 1875 conjiciam,
1495 1828 1542 1862 ut
1561 1837 1625 1876 ap.
1648 1822 1798 1877 Eurip.

370 1881 545 1938 Hippol.
575 1884 668 1925 826.
699 1885 786 1924 τίνα
813 1886 938 1937 λόγον
966 1884 1098 1932 τάλας,
1131 1887 1218 1926 τίνα
1245 1888 1368 1939 τύχαν
1393 1887 1512 1928 σέθεν
1536 1888 1798 1940 βαρύποτμον,

369 1952 530 2000 τλῆμον,
551 1953 780 2001 προσαυδῶν
799 1952 902 2004 τύχω
917 1969 927 1998 ;
960 1952 1338 1993 WELLAUER.

426 2015 654 2071 ἐπεικάσας]
689 2017 877 2072 Sophocl.
908 2018 1064 2059 Electr.
1091 2020 1186 2073 663.
1215 2019 1240 2070 ἦ
1270 2020 1332 2060 καὶ
1362 2019 1536 2072 δάμαρτα
1564 2019 1665 2070 τήνδ’
1700 2021 1800 2061 ἐπει-

371 2081 492 2130 κάζων
512 2086 608 2134 κυρῶ
630 2083 756 2124 κείνου
773 2102 782 2130 ;
817 2084 1043 2125 BLOMF.

430 2158 494 2202 15.
514 2150 763 2204 μειλίγματα]
783 2151 1036 2203 μειλίγμασιν
1055 2149 1158 2190 libri.
1199 2151 1476 2191 Emendatum
1497 2166 1522 2191 a
1543 2152 1797 2192 Casaubono.

371 2220 401 2239 ‘⁶
423 2216 536 2255 Pers.
558 2216 653 2255 610.
678 2217 792 2267 πατρὶ
816 2217 952 2258 παιδὸς
982 2217 1152 2267 εὐμενεῖς
1179 2219 1277 2269 χοὰς
1305 2216 1478 2269 φέρουσ’,
1502 2217 1599 2269 ἅπερ
1629 2222 1800 2269 νεκροῖσι

369 2280 618 2332 μειλικτήρια.
650 2281 825 2321 Eumen.
857 2292 923 2335 97.
954 2282 1052 2334 χοάς
1086 2281 1115 2321 τ’
1151 2284 1316 2329 ἀοίνους,
1350 2282 1524 2333 νηφάλια
1552 2284 1797 2334 μειλίγματα.

372 2346 535 2387 Bacidis
567 2345 776 2386 oraculum
807 2361 871 2402 ap.
907 2348 1082 2387 Pausan.
1116 2361 1157 2402 9,
1190 2359 1250 2399 17.
1290 2347 1402 2387 Ἀλλ’
1436 2349 1582 2388 ὁπόταν
1615 2350 1800 2401 Τιθορεὺς

369 2411 558 2464 Ἀμφίονί
582 2428 625 2452 τε
654 2411 765 2466 Ζήθῳ
794 2429 837 2454 τε
865 2414 1001 2453 Χύτλα
1028 2414 1090 2454 καὶ
1110 2413 1298 2467 εὐχωλάς,
1318 2413 1552 2466 μειλίγματά
1571 2413 1601 2454 τ’
1625 2416 1668 2455 ἐν
1687 2417 1800 2468 χθονὶ

369 2476 503 2531 χεύῃ.”
534 2478 761 2519 BLOMF.

431 2555 494 2596 17.
516 2546 690 2597 στείχειν
710 2545 773 2585 M.
795 2545 903 2586 Rob.
927 2545 1067 2600 Steph.
1113 2546 1291 2586 Verbum
1312 2559 1390 2586 om.
1414 2545 1554 2586 Guelf.
1575 2545 1674 2586 Ald.
1706 2548 1801 2598 ὁρᾶν

371 2626 421 2651 ex
443 2626 516 2651 sua
533 2611 765 2666 conjectura
784 2611 942 2652 addidit
963 2613 1097 2652 Turn.

426 2679 557 2731 λυγρῷ
576 2691 655 2717 om.
681 2677 786 2718 Rob.

433 2756 496 2797 19.
518 2743 735 2798 σύμμαχος]
756 2745 886 2784 Recte
905 2745 1102 2797 ξύμμαχος
1122 2745 1343 2785 Porsonus.

430 2821 495 2851 20.
518 2810 690 2850 ἐκποδὼν
712 2809 924 2851 Stanleius.
956 2812 1128 2851 ἐκποδῶν
1147 2811 1210 2852 vel
1231 2813 1273 2852 ἐκ
1291 2814 1420 2852 ποδῶν
1438 2809 1543 2851 libri.

431 2887 833 2930 22—31=32—41.
