1962 3224
337 203 422 245 478
804 203 1298 246 ANNOTATIONES

335 323 527 366 puerunt,
548 321 588 352 et
614 327 707 354 cum
737 313 784 354 iis
810 313 852 354 in
881 315 1085 355 Lemnum
1115 315 1330 362 abierunt;
1362 330 1538 371 cumque
1560 316 1647 371 jam
1672 316 1769 373 ipsis

333 377 405 418 filii
435 388 708 429 nascerentur,
738 395 806 420 eos
836 380 997 436 Pelasgi
1028 381 1082 421 ad
1114 396 1241 422 unum
1274 396 1414 422 omnes
1444 396 1538 422 cum
1571 382 1769 424 matribus

333 445 637 497 interfecerunt,
657 446 772 487 veriti
792 461 843 487 ne
862 446 1082 502 aliquando
1102 447 1177 487 viri
1207 447 1303 488 facti
1323 447 1638 489 Atheniensium
1659 449 1766 504 inju-

333 511 412 552 rias
431 510 733 553 ulciscerentur.
778 513 851 553 Ab
869 513 944 553 hac
963 522 1003 553 et
1024 513 1238 554 mulierum
1259 523 1300 554 et
1320 514 1498 554 virorum
1518 515 1768 558 immanitate

333 587 429 618 nata
448 577 517 618 illa
534 578 646 634 apud
667 579 937 634 Hesychium,
962 578 1128 620 Suidam
1159 589 1199 620 et
1219 580 1486 621 Eustathium
1516 597 1558 637 p.
1583 583 1676 636 158,
1703 595 1765 624 12.

333 645 431 698 980,
453 646 518 685 61.
550 644 764 700 proverbia
782 646 935 696 Λήμνια
956 645 1066 686 κακά·
1096 647 1249 697 Λημνία
1277 647 1376 699 χείρ·
1407 647 1451 687 τὸ
1472 647 1645 699 Λήμνιον
1669 649 1766 699 βλέ-

331 728 432 758 πειν,
454 711 626 766 aliaque.
670 711 936 752 Herodotus:
969 711 1121 763 Λήμνια
1142 712 1237 764 ἔργα
1258 713 1334 752 ἀνὰ
1353 712 1424 762 τὴν
1441 712 1620 754 Ἑλλάδα
1638 714 1766 755 πάντα

332 779 379 817 τὰ
399 777 566 830 σχέτλια
586 779 810 829 νενόμισται
829 777 1050 818 καλέεσθαι.
1084 778 1304 818 STANL.

387 845 483 896 632.
514 844 555 883 δὲ
585 843 630 893 δὴ
655 843 766 883 ποθεὶ
797 842 1131 894 κατάπτυστονήος
1158 842 1381 887 κασενδέτις
1413 843 1514 885 Ald.
1545 845 1586 885 δὲ
1615 845 1762 896 δήποθ’,

331 908 634 950 εἷκατάπτυστον
664 908 772 949 Rob.
818 910 859 949 δὲ
889 908 1080 959 δήπουθεν
1110 909 1267 950 κατάπτ.
1291 910 1425 950 Turn.
1451 911 1619 951 Porson.
1651 913 1692 952 δὲ
1718 913 1763 963 δὴ

328 978 444 1016 ποθεῖ
461 976 526 1016 Μ.
548 974 688 1016 Guelf.
719 977 760 1015 δὲ
781 975 949 1026 δήποθεν
971 975 1136 1017 Schutz.
1185 975 1436 1032 Exemplum
1459 976 1762 1031 particulae¹6⁷5—

327 1044 448 1082 ποθεν
480 1041 523 1081 in
557 1053 722 1097 promtu
762 1057 840 1082 non
875 1042 1020 1083 habeo.
1071 1042 1254 1097 Hesych.
1289 1042 1497 1094 Δήποθεν;
1529 1044 1636 1095 λέξις
1669 1062 1763 1086 συν-

328 1107 479 1158 απτικὴ,
502 1109 552 1151 ὡς
572 1109 635 1149 καὶ
653 1108 697 1149 τὸ
719 1108 854 1159 δήπου.
911 1109 978 1149 De
998 1108 1189 1159 δήπουθεν
1208 1108 1363 1149 consuli
1384 1118 1516 1165 potest
1537 1110 1759 1152 Ruhnken.

327 1173 380 1213 ad
420 1174 627 1215 Timaeum
660 1191 703 1231 p.
731 1186 795 1229 79.
847 1176 931 1216 Pro
963 1178 1101 1228 γοᾶται
1134 1175 1354 1230 legendum
1386 1176 1566 1231 suspicor
1602 1180 1759 1228 βοᾶται.

328 1240 555 1281 BLOMF.
608 1242 747 1282 Locus
767 1255 848 1281 non
867 1251 1118 1296 pel-sanatus.

383 1308 481 1362 633.
501 1307 669 1362 ᾔκασεν]
691 1307 839 1359 ἤκασεν
859 1308 923 1349 Μ.
946 1307 1088 1348 Guelf.
1121 1309 1277 1349 εἴκασεν
1298 1308 1435 1364 vulgo.

383 1375 478 1428 634.
499 1375 543 1415 τὸ
565 1374 708 1429 δεινὸν]
735 1374 868 1415 Schol.
890 1374 933 1414 τὸ
955 1377 1051 1415 κατὰ
1071 1374 1427 1426 Κλυταιμνήστρας.

383 1442 478 1495 638.
508 1442 548 1482 τί
564 1440 672 1482 τῶνδ’
694 1442 764 1482 οὐκ
785 1442 939 1483 ἐνδίκως
964 1442 1104 1494 ἀγείρω
1120 1442 1151 1495 3]
1187 1441 1424 1492 Scholiasta,
1446 1442 1616 1493 συνάξας
1646 1461 1757 1494 κατη-

324 1511 439 1559 γορῶ·
471 1508 609 1549 νύσσει
627 1507 701 1560 γάρ
719 1524 769 1559 με
788 1507 831 1548 τὸ
853 1509 1000 1548 δίκαιον
1020 1512 1139 1549 ταῦτα
1157 1507 1305 1560 λέγειν.

381 1575 476 1629 639.
498 1575 609 1629 ἄγχι]
634 1575 724 1628 ἄχρι
747 1573 934 1629 Scaliger.

379 1642 629 1697 πλευμόνων]
661 1642 887 1692 πνευμόνων
907 1640 1018 1681 Rob.
1040 1649 1158 1681 recte.
1209 1646 1236 1665 “
1250 1641 1397 1696 Eurip.
1421 1642 1512 1682 Ion.
1535 1643 1630 1694 766.
1651 1646 1757 1684 διαν-

322 1710 429 1750 ταῖος
448 1707 586 1748 ἔτυπεν
606 1708 725 1749 ὀδύνα
742 1724 791 1758 με
811 1708 1037 1758 πνευμόνων
1055 1708 1165 1749 τῶνδ’
1187 1708 1302 1748 ἔσω.”
1334 1709 1553 1749 STANL.

380 1774 475 1824 640.
507 1774 722 1828 διανταίαν]
764 1773 951 1814 Subaudi
984 1773 1151 1826 πληγήν.
1208 1773 1413 1825 ὀξυπευκὲς
1449 1789 1523 1830 per
1552 1776 1757 1828 ὀξύπικρον

321 1840 498 1895 explicat
519 1841 767 1896 Hesychius.
801 1841 1031 1881 BLOMF.

378 1907 471 1961 οὐτᾷ
506 1909 772 1948 Hermannus
805 1907 942 1948 Elem.
974 1907 1103 1948 doctr.
1134 1915 1248 1947 metr.
1280 1922 1321 1962 p.
1352 1908 1445 1962 236.
1483 1911 1619 1948 σοῦται
1650 1907 1756 1959 libri,

322 1974 433 2029 quod
455 1989 529 2029 per
547 1975 645 2028 ὁρμᾷ
665 1974 956 2030 interpretatur
977 1972 1200 2014 scholiasta.

378 2041 474 2091 641.
496 2040 587 2094 διαὶ]
609 2042 671 2081 διὰ
691 2041 827 2081 Turn.
850 2040 995 2095 steph.

377 2108 473 2158 642.
505 2106 547 2146 τὸ
575 2106 627 2157 μὴ
657 2106 762 2157 θέμις
788 2108 863 2158 γὰρ
892 2107 951 2147 οὔ.
983 2105 1087 2146 Ald.
1119 2106 1294 2156 οὐελᾶξ
1318 2105 1428 2146 Rob.
1459 2105 1504 2147 οὐ
1523 2105 1648 2146 deleri
1667 2106 1757 2147 vult

322 2174 588 2214 Hermannus
608 2173 777 2213 Observ.
798 2172 887 2213 crit.
908 2187 949 2227 p.
975 2182 1068 2226 107.
1110 2171 1191 2212 Sed
1212 2171 1324 2212 haud
1345 2172 1461 2222 male,
1482 2187 1572 2213 mea
1589 2172 1754 2227 quidem

318 2240 531 2290 sententia,
552 2239 729 2295 explicat
758 2238 994 2279 scholiasta:
1026 2239 1070 2278 τὸ
1090 2241 1166 2290 γὰρ
1194 2238 1247 2289 μὴ
1267 2239 1415 2279 δίκαιον
1441 2238 1487 2278 οὐ
1515 2241 1577 2279 δεῖ
1600 2240 1756 2289 ἀμελεῖ-

319 2311 433 2347 σθαι;
465 2306 548 2346 imo
568 2305 706 2361 potius
726 2306 793 2346 οὐκ
813 2305 997 2356 ἠμέλητοι
1017 2305 1097 2346 scil.
1118 2305 1193 2346 ὑπὸ
1214 2307 1280 2355 τῆς
1300 2305 1431 2355 Δίκης.
1462 2305 1690 2345 BLOMF.

375 2375 471 2426 643.
501 2374 575 2422 λὰξ
605 2371 748 2422 πατέω,
773 2372 986 2412 Conculco.
1029 2373 1179 2426 Agam.
1205 2383 1323 2424 1327.
1351 2373 1388 2411 οἱ
1412 2372 1468 2420 δὲ,
1490 2373 1557 2422 τῆς
1583 2375 1754 2423 μελλοῦς

319 2439 431 2481 κλέος
471 2438 602 2478 Πέδον
636 2442 861 2486 πατοῦντες,
893 2439 938 2478 οὐ
970 2439 1219 2479 καθεύδουσιν
1250 2438 1351 2491 χερὶ,
1386 2452 1462 2493 pro
1494 2439 1590 2478 κατὰ
1621 2437 1752 2479 πέδον.

318 2506 494 2546 Eumen.
517 2516 608 2544 110.
630 2505 705 2544 Καὶ
725 2503 851 2544 πάντα
871 2507 988 2544 ταῦτα
1007 2506 1082 2554 λὰξ
1112 2506 1187 2557 ὁρῶ
1208 2506 1440 2556 πατούμενα.
1485 2506 1582 2559 536.
1611 2503 1679 2547 Ἐς
1707 2522 1752 2545 το

316 2575 395 2612 πᾶν
415 2571 458 2612 δέ
477 2588 537 2612 τοι
555 2570 674 2623 λέγω,
703 2570 709 2626 l
733 2570 869 2621 βωμὸν
889 2569 1041 2610 αἰδέσαι
1063 2571 1198 2613 Δίκας·
1224 2569 1232 2625 l
1255 2570 1353 2621 μηδέ
1368 2587 1440 2618 νιν,
1469 2569 1476 2626 Ι
1502 2570 1634 2622 κέρδος
1649 2571 1753 2620 ἰδὼν,

317 2638 418 2692 ἀθέῳ
447 2638 536 2678 ποδὶ
566 2639 641 2687 λὰξ
671 2637 817 2687 ἀτίσῃς,
852 2635 921 2676 ubi
950 2637 1078 2677 codex
1110 2637 1162 2676 L.
1192 2636 1381 2692 πατήσῃς.
1429 2636 1616 2692 Sophocl.
1646 2637 1751 2676 Ant.
1819 2668 1821 2670 >

321 2706 439 2758 1287.
489 2706 601 2755 οἴμοι,
641 2703 887 2754 λαξπάτητον
926 2702 1124 2755 ἀντρέπων
1162 2702 1303 2756 χαράν.
1365 2702 1521 2743 Comici
1563 2702 1752 2743 dicebant

317 2786 399 2812 una
422 2785 520 2811 voce
539 2774 766 2811 λακπατεῖν.
799 2769 998 2815 Photius;
1030 2772 1275 2811 Λακπατεῖνε
1308 2768 1549 2822 Φερεκράτης
1573 2767 1747 2819 Πετάλῃ·

316 2840 456 2879 Παίειν
473 2854 534 2889 με,
555 2838 720 2886 τύπτειν,
742 2840 969 2885 λακπατεῖν,
991 2835 1118 2883 ὠθεῖν,
1140 2835 1306 2878 δάκνειν.
1335 2837 1561 2878 BLOMF.
1610 2836 1747 2876 Punc-

316 2914 403 2946 tum
427 2912 514 2958 post
534 2905 776 2954 πατούμενον
797 2902 900 2943 male
919 2901 1113 2958 positum.
