1962 3224
585 197 675 238 AD
706 195 1241 238 AGAMEMNONEM.
1568 192 1654 233 413

186 308 282 350 vid.
307 306 607 364 Wyttenbaoh.
628 306 681 348 ad
703 306 868 348 Platon.
891 306 1038 348 Phaed.
1059 320 1102 362 p.
1124 318 1217 360 170.
1250 305 1484 346 BLOMF.
1524 307 1653 358 σφόγ-

188 393 259 429 γος
280 375 470 417 Bothius.

249 456 372 499 133¹·
405 442 638 498 ἀκόρεστον]
661 443 798 498 Cujus
823 442 943 483 nulla
962 447 1023 483 est
1041 442 1228 482 satietas.
1289 438 1498 480 Herodot.
1523 450 1564 493 7,
1584 452 1654 494 49.

187 527 212 553 a
235 511 417 553 Stanleio
433 510 684 558 advocatu83
719 511 925 563 εὐπρηξίης
943 511 1021 562 γὰρ
1041 508 1110 550 οὐκ
1135 508 1223 549 ἔστι
1249 508 1470 560 ἀνθρώποις
1497 507 1655 559 οὐδεμίη

188 580 385 632 πληθώρη.
418 579 490 620 ubi
522 579 605 620 vid.
636 577 889 634 Wesseling.
921 576 995 633 qui
1026 576 1137 618 hunc
1167 575 1302 617 locum
1338 590 1419 616 non
1455 574 1654 631 neglexit.

191 646 424 688 BLOMF.

252 726 376 770 1332.
397 718 604 767 βροτοῖσιν
626 713 835 755 Pauwius.
866 716 1029 766 βροτοῖς
1047 711 1155 753 libri.

250 782 586 838 δακτυλόδεικτον]
618 781 796 823 Lucian.
831 782 971 822 Somn.
999 794 1016 821 1
1034 793 1064 821 ῐ.
1095 779 1256 821 τοιαῦτά
1285 796 1351 821 σοι
1380 779 1579 832 περιθήσω
1610 781 1659 820 τὰ

191 850 457 903 γνωρίσματα,
481 851 585 891 ὥστε
603 854 681 891 τῶν
701 851 882 902 ὁρῶντων
896 848 1063 891 ἕκαστος
1081 847 1152 889 τὸν
1166 849 1339 900 πλησίον
1358 847 1520 899 κινήσας
1541 848 1660 898 δείξει

194 935 243 959 σε
274 919 327 973 τῷ
360 919 550 973 δακτύλῳ,
588 920 770 959 ΟΥΤΟΣ
803 919 1059 963 ΕΚΕΙΝΟΣ,
1097 915 1245 969 λέγων.
1280 916 1398 957 Pers.
1424 929 1462 966 1,
1496 916 1563 956 28.
1603 915 1661 956 At

190 986 388 1043 pulcrum
407 991 469 1027 est
489 987 626 1043 digito
645 985 890 1035 monstrari,
911 990 950 1026 et
970 985 1103 1025 dicier
1122 998 1201 1025 mc
1223 998 1324 1025 EST.
1355 998 1478 1040 quem
1505 983 1660 1034 locum,

196 1064 238 1095 et
278 1053 557 1094 Horatianum
599 1054 649 1094 C.
682 1066 725 1105 4,
758 1067 800 1109 3,
837 1065 906 1096 22.
947 1051 1125 1093 contulit
1163 1050 1383 1093 Stanleius.
1426 1051 1660 1092 BLOMF.

197 1122 521 1162 δακτυλόδεικτον
551 1120 789 1162 Casauboni
818 1119 1052 1161 emendatio
1082 1129 1157 1161 est.
1194 1123 1526 1161 δακτυλοδεικτῶν
1554 1118 1664 1170 libri,

197 1188 313 1245 quod
334 1187 573 1230 Lobeekius
594 1187 846 1244 Paralipom.
876 1203 917 1243 p.
937 1198 1036 1240 497.
1067 1186 1364 1242 interpretatur
1394 1201 1564 1227 manum
1595 1188 1663 1228 in-

197 1262 363 1298 tentans
378 1273 392 1297 .·
424 1255 497 1312 qui
516 1265 578 1296 est
597 1266 740 1312 gestus
758 1255 1046 1296 abnuentium.

259 1337 385 1380 1334.
433 1322 563 1376 μηκέτ’
606 1323 776 1375 ἐσέλθῃς
816 1324 1100 1364 Hermannus.
1177 1323 1420 1379 Legebatur
1458 1323 1594 1375 μηκέτι
1632 1323 1662 1364 δ’

200 1392 408 1434 εἰσελθών.
468 1392 643 1432 Comma
663 1406 744 1431 non
767 1398 862 1447 post
881 1391 988 1441 τάδε,
1010 1390 1079 1432 sed
1101 1400 1195 1447 post
1224 1391 1394 1447 ἐσέλθῃς
1423 1391 1663 1447 ponendum

198 1459 325 1501 fuisse
355 1459 517 1500 monuit
541 1456 751 1500 Dobraeus
780 1458 930 1500 collato
951 1459 1141 1516 Choeph.
1160 1472 1259 1514 311.
1292 1459 1482 1512 δράσαντι
1510 1464 1666 1509 παθεῖν,

201 1526 390 1581 τριγέρων
414 1530 535 1579 μῦθος
563 1526 657 1568 τάδε
687 1531 824 1580 φωνεῖ.
886 1528 1086 1568 Ceterum
1115 1526 1335 1583 respicitur
1366 1527 1428 1568 his
1449 1527 1585 1570 verbis
1614 1528 1669 1570 ad

202 1595 324 1637 bonae
364 1596 565 1636 Fortunae
608 1594 650 1635 in
692 1594 862 1636 domum
904 1593 1134 1651 ingressum
1176 1595 1369 1636 omnibus
1408 1606 1668 1653 exoptatum,

203 1678 327 1720 quam
350 1665 591 1707 Πλούτωνος
619 1665 828 1706 ἐπείσοδον
847 1663 955 1705 dixit
987 1662 1213 1720 Sophocles
1238 1663 1390 1720 fragm.
1413 1676 1436 1705 2
1440 1674 1509 1720 59.
1570 1665 1672 1707 Alia

204 1746 245 1773 v,
265 1747 334 1788 ap.
355 1731 541 1774 Lobeck.
562 1731 773 1788 Aglaoph.
794 1747 836 1788 p.
858 1744 979 1787 1239.

266 1813 389 1855 1340.
411 1801 514 1854 ἄγαν
536 1800 662 1841 solius
683 1799 872 1841 Triclinii
896 1799 976 1841 fide
995 1799 1169 1841 nititur:
1203 1814 1298 1841 nam
1322 1799 1474 1856 legitur
1491 1800 1534 1842 in
1557 1802 1613 1842 T.
1632 1811 1675 1843 et

208 1868 368 1924 Steph.‚
390 1868 506 1910 abest
526 1884 624 1909 vero
653 1868 707 1909 ab
733 1867 800 1909 Fl.
827 1878 868 1909 et
888 1869 992 1910 Ven.
1056 1869 1211 1924 Itaque
1240 1867 1442 1909 deleatur.
1475 1871 1680 1923 ἔπικρανεῖ

208 1935 411 1992 producta
431 1934 589 1992 syllaba
607 1934 839 1991 penultima
859 1934 1018 1976 dictum
1046 1945 1122 1984 est,
1146 1945 1193 1976 ut
1220 1939 1333 1989 φᾶνῶ
1359 1935 1569 1978 interdum
1598 1953 1677 1994 pro
1752 1924 1755 1925 ⁷

206 2006 319 2056 φᾶνῶ
339 2002 496 2044 dictum
525 2018 612 2043 esse
639 2012 813 2043 constat.
875 2003 935 2043 Et
965 2002 1022 2043 sio
1052 2002 1104 2043 οῖ’
1138 2004 1339 2056 ἐπικρᾶνεῖ
1365 2005 1547 2046 Eumen.
1576 2016 1677 2061 950.

207 2070 284 2112 nisi
326 2071 541 2123 ἐπικραίνει
581 2069 846 2111 scribendum
885 2085 980 2111 cum
1022 2070 1208 2112 Pauwio.
1270 2072 1466 2113 Ceterum
1502 2071 1678 2114 fortasse

207 2137 498 2194 corrigendum
554 2139 842 2191 ἆντεπικρανεῖ.
904 2139 1195 2191 ἇντεπικραίνει
1248 2139 1424 2195 conjecit
1469 2140 1675 2181 Bamber-

206 2221 344 2262 gerus.

269 2287 391 2330 1341.
422 2275 480 2317 τίς
510 2274 575 2330 ἂν]
607 2274 880 2316 Scribendurn
902 2275 959 2317 τίς
980 2274 1031 2315 ἂν
1050 2274 1120 2316 οὐκ
1138 2290 1233 2316 cum
1258 2276 1453 2316 Cantero.
1512 2276 1680 2332 Nempe

208 2342 287 2384 hoo
315 2342 374 2383 ait
402 2342 567 2383 chorus.
626 2343 936 2399 Agamemnoni
973 2342 1137 2398 quidem
1174 2343 1237 2383 clii
1275 2343 1479 2384 dederunt
1506 2345 1680 2385 Priami

209 2411 353 2451 urbem
381 2410 740 2466 Capera—Atqui
767 2411 800 2451 si
830 2411 1033 2467 majorum
1067 2409 1218 2451 delicta
1249 2411 1349 2461 luet,
1373 2412 1468 2467 quis
1501 2427 1585 2453 non
1614 2413 1682 2453 ’ἱπ-

210 2492 344 2518 nocua
355 2478 547 2533 fortuna
567 2480 631 2519 uti
652 2480 903 2534 exoptaret?
949 2477 1068 2519 Idem
1092 2478 1178 2519 fere
1199 2477 1360 2519 dixerat
1381 2494 1508 2535 supra
1521 2496 1534 2529 3
1578 2479 1622 2521 τὸ
1647 2478 1681 2520 δ’

211 2546 440 2597 ὑπερκόπως
461 2547 593 2587 κλύειν
615 2547 670 2596 εὖ,
690 2547 806 2599 βαρύ·
837 2546 1039 2598 βάλλεται
1059 2548 1136 2599 γὰρ
1156 2547 1293 2590 ὄσσοις
1315 2548 1463 2588 Διόθεν
1484 2548 1680 2600 κεραυνός.

215 2615 330 2667 κρίνω
346 2612 377 2655 δ’
399 2614 579 2666 ἄφθονον
598 2614 741 2665 ὄλβον,
763 2612 847 2665 μήτ’
872 2616 954 2664 εἵην
975 2614 1252 2666 πτολιπόρθης.
1284 2614 1516 2655 BLOMF.

276 2695 397 2737 1343.
430 2681 525 2735 ἔσω]
548 2681 843 2722 Miserabiliter
862 2681 987 2736 friget
1013 2680 1127 2721 istud
1156 2682 1248 2722 ἔσω.
1280 2683 1481 2723 Auctoris
1511 2698 1681 2724 manum

219 2748 474 2804 [reponendo
509 2749 608 2803 ἔχω]
645 2747 786 2788 videor
817 2747 917 2788 mihi
945 2747 1186 2788 restituisse.
1239 2749 1432 2805 Sophocl.
1460 2751 1530 2791 El.
1560 2763 1682 2806 1415.

216 2820 302 2859 KA.
326 2816 700 2869 ὤμοι,.πέπληγμαι.
733 2819 826 2857 HA.
853 2819 1016 2867 παῖσον,
1037 2817 1072 2856 εἰ
1092 2815 1261 2864 σθένεις,
1285 2820 1442 2869 διπλῆν.
1476 2821 1564 2859 ΚΛ.
1586 2819 1686 2871 ὤμοι

216 2884 307 2936 μάλ’
330 2886 451 2928 αὖθις.
483 2884 716 2925 BLOMF.
