<?xml version="1.0" encoding="UTF-8"?>
<!DOCTYPE html PUBLIC "-//W3C//DTD XHTML 1.0 Transitional//EN"
    "http://www.w3.org/TR/xhtml1/DTD/xhtml1-transitional.dtd">
<html xmlns="http://www.w3.org/1999/xhtml" xml:lang="en" lang="en">
 <head>
  <title>
</title>
<meta http-equiv="Content-Type" content="text/html;charset=utf-8" />
  <meta name='ocr-system' content='tesseract 3.04.00' />
  <meta name='ocr-capabilities' content='ocr_page ocr_carea ocr_par ocr_line ocrx_word'/>
</head>
<body>
  <div class='ocr_page' id='page_1' title='image "./p2tragoediaesupe02aescuoft_0174.png"; bbox 0 0 1962 3224; ppageno 0'>
   <div class='ocr_carea' id='block_1_1' title="bbox 375 196 1343 240">
    <p class='ocr_par' dir='ltr' id='par_1_1' title="bbox 375 196 1343 240">
     <span class='ocr_line' id='line_1_1' title="bbox 375 196 1343 240; baseline 0.002 -4"><span class='ocrx_word' id='word_1_1' title='bbox 375 196 460 240; x_wconf 81' lang='lat'><strong>490</strong></span> <span class='ocrx_word' id='word_1_2' title='bbox 847 197 1343 238; x_wconf 84' lang='lat' dir='ltr'>ANNOTATIONES</span> 
     </span>
    </p>
   </div>
   <div class='ocr_carea' id='block_1_2' title="bbox 431 305 1347 427">
    <p class='ocr_par' dir='ltr' id='par_1_2' title="bbox 431 305 1347 427">
     <span class='ocr_line' id='line_1_2' title="bbox 436 305 1347 363; baseline 0.001 -16"><span class='ocrx_word' id='word_1_3' title='bbox 436 316 532 361; x_wconf 91' lang='lat'>791.</span> <span class='ocrx_word' id='word_1_4' title='bbox 553 305 640 363; x_wconf 88' lang='grc' dir='ltr'>μιν]</span> <span class='ocrx_word' id='word_1_5' title='bbox 666 305 933 348; x_wconf 89' lang='lat' dir='ltr'><strong>Scribendum</strong></span> <span class='ocrx_word' id='word_1_6' title='bbox 956 322 1017 347; x_wconf 83' lang='lat' dir='ltr'><strong>mv</strong></span> <span class='ocrx_word' id='word_1_7' title='bbox 1035 321 1129 347; x_wconf 88' lang='lat' dir='ltr'><strong>cum</strong></span> <span class='ocrx_word' id='word_1_8' title='bbox 1152 306 1347 348; x_wconf 89' lang='lat' dir='ltr'><strong>Seidlero.</strong></span> 
     </span>
     <span class='ocr_line' id='line_1_3' title="bbox 431 372 990 427; baseline -0.002 -13"><span class='ocrx_word' id='word_1_9' title='bbox 431 373 576 427; x_wconf 90' lang='grc' dir='ltr'>μέγαν]</span> <span class='ocrx_word' id='word_1_10' title='bbox 600 372 703 426; x_wconf 89' lang='grc' dir='ltr'>μέγα</span> <span class='ocrx_word' id='word_1_11' title='bbox 724 372 867 414; x_wconf 86' lang='lat' dir='ltr'><strong>Guelf.</strong></span> <span class='ocrx_word' id='word_1_12' title='bbox 889 372 990 413; x_wconf 71' lang='lat' dir='ltr'><strong>Ald-</strong></span> 
     </span>
    </p>
   </div>
   <div class='ocr_carea' id='block_1_3' title="bbox 369 439 1818 2437">
    <p class='ocr_par' dir='ltr' id='par_1_3' title="bbox 433 439 1048 494">
     <span class='ocr_line' id='line_1_4' title="bbox 433 439 1048 494; baseline -0.002 -13"><span class='ocrx_word' id='word_1_13' title='bbox 433 439 541 494; x_wconf 84' lang='grc' dir='ltr'>ἄρας]</span> <span class='ocrx_word' id='word_1_14' title='bbox 563 441 673 492; x_wconf 81' lang='grc' dir='ltr'>αἴρας</span> <span class='ocrx_word' id='word_1_15' title='bbox 694 440 757 479; x_wconf 93' lang='grc' dir='ltr'><strong>Μ.</strong></span> <span class='ocrx_word' id='word_1_16' title='bbox 781 439 924 480; x_wconf 88' lang='lat' dir='ltr'><strong>Guelf.</strong></span> <span class='ocrx_word' id='word_1_17' title='bbox 945 439 1048 480; x_wconf 91' lang='lat' dir='ltr'><strong>Ald.</strong></span> 
     </span>
    </p>

    <p class='ocr_par' dir='ltr' id='par_1_4' title="bbox 369 505 1813 895">
     <span class='ocr_line' id='line_1_5' title="bbox 433 505 1809 562; baseline 0.001 -16"><span class='ocrx_word' id='word_1_18' title='bbox 433 506 547 547; x_wconf 84' lang='lat' dir='ltr'><strong>Mira</strong></span> <span class='ocrx_word' id='word_1_19' title='bbox 584 505 865 562; x_wconf 81' lang='lat' dir='ltr'>interpretatio</span> <span class='ocrx_word' id='word_1_20' title='bbox 902 506 1126 547; x_wconf 80' lang='lat' dir='ltr'><strong>scholiastae</strong></span> <span class='ocrx_word' id='word_1_21' title='bbox 1139 523 1151 558; x_wconf 92' lang='lat'>;</span> <span class='ocrx_word' id='word_1_22' title='bbox 1201 507 1346 560; x_wconf 82' lang='grc' dir='ltr'>ἐπάρας</span> <span class='ocrx_word' id='word_1_23' title='bbox 1379 510 1454 561; x_wconf 76' lang='grc' dir='ltr'><strong>γὰρ</strong></span> <span class='ocrx_word' id='word_1_24' title='bbox 1497 507 1566 548; x_wconf 86' lang='grc' dir='ltr'><strong>τὸν</strong></span> <span class='ocrx_word' id='word_1_25' title='bbox 1603 506 1809 559; x_wconf 82' lang='grc' dir='ltr'>Ὀρέστην,</span> 
     </span>
     <span class='ocr_line' id='line_1_6' title="bbox 377 572 1812 627; baseline 0 -14"><span class='ocrx_word' id='word_1_26' title='bbox 377 572 520 624; x_wconf 80' lang='grc' dir='ltr'>δυνήσῃ</span> <span class='ocrx_word' id='word_1_27' title='bbox 551 573 617 614; x_wconf 84' lang='grc' dir='ltr'>καὶ</span> <span class='ocrx_word' id='word_1_28' title='bbox 641 574 898 625; x_wconf 86' lang='grc' dir='ltr'>τριπλασίονα</span> <span class='ocrx_word' id='word_1_29' title='bbox 927 573 1065 623; x_wconf 82' lang='grc' dir='ltr'>ποινὴν</span> <span class='ocrx_word' id='word_1_30' title='bbox 1093 575 1375 627; x_wconf 77' lang='grc' dir='ltr'>εἰσπράξασθαι</span> <span class='ocrx_word' id='word_1_31' title='bbox 1403 574 1472 615; x_wconf 87' lang='grc' dir='ltr'><strong>τὸν</strong></span> <span class='ocrx_word' id='word_1_32' title='bbox 1489 573 1684 626; x_wconf 83' lang='grc' dir='ltr'>Ὀρέστην</span> <span class='ocrx_word' id='word_1_33' title='bbox 1705 575 1812 623; x_wconf 86' lang='grc' dir='ltr'>ποιῆ-</span> 
     </span>
     <span class='ocr_line' id='line_1_7' title="bbox 377 638 1812 696; baseline 0.001 -17"><span class='ocrx_word' id='word_1_34' title='bbox 377 656 458 680; x_wconf 88' lang='grc' dir='ltr'>σαι.</span> <span class='ocrx_word' id='word_1_35' title='bbox 507 638 740 690; x_wconf 86' lang='lat' dir='ltr'><strong>Schutzius,</strong></span> <span class='ocrx_word' id='word_1_36' title='bbox 762 640 931 680; x_wconf 78' lang='lat' dir='ltr'><strong>Etenim</strong></span> <span class='ocrx_word' id='word_1_37' title='bbox 951 641 989 681; x_wconf 78' lang='lat' dir='ltr'><strong>si</strong></span> <span class='ocrx_word' id='word_1_38' title='bbox 1008 655 1097 681; x_wconf 86' lang='lat' dir='ltr'><strong>eum</strong></span> <span class='ocrx_word' id='word_1_39' title='bbox 1119 638 1308 688; x_wconf 73' lang='lat' dir='ltr'><strong>ereoeeris,</strong></span> <span class='ocrx_word' id='word_1_40' title='bbox 1330 641 1548 696; x_wconf 74' lang='lat' dir='ltr'><em>dupliciter</em></span> <span class='ocrx_word' id='word_1_41' title='bbox 1566 655 1615 681; x_wconf 86' lang='grc' dir='ltr'>αο</span> <span class='ocrx_word' id='word_1_42' title='bbox 1634 640 1812 696; x_wconf 81' lang='lat' dir='ltr'><strong>triplici-</strong></span> 
     </span>
     <span class='ocr_line' id='line_1_8' title="bbox 376 707 1813 749; baseline 0.001 -3"><span class='ocrx_word' id='word_1_43' title='bbox 376 712 438 747; x_wconf 86' lang='lat' dir='ltr'><strong>ter</strong></span> <span class='ocrx_word' id='word_1_44' title='bbox 467 707 540 747; x_wconf 81' lang='lat' dir='ltr'><strong>tibi</strong></span> <span class='ocrx_word' id='word_1_45' title='bbox 570 707 711 747; x_wconf 72' lang='lat' dir='ltr'><strong>lubens</strong></span> <span class='ocrx_word' id='word_1_46' title='bbox 740 707 962 747; x_wconf 75' lang='lat' dir='ltr'><em>retribuet:</em></span> <span class='ocrx_word' id='word_1_47' title='bbox 993 707 1057 748; x_wconf 88' lang='lat' dir='ltr'><strong>cui</strong></span> <span class='ocrx_word' id='word_1_48' title='bbox 1087 707 1304 748; x_wconf 86' lang='lat' dir='ltr'><strong>assentitur</strong></span> <span class='ocrx_word' id='word_1_49' title='bbox 1328 708 1534 749; x_wconf 86' lang='lat' dir='ltr'><strong>Butlerus.</strong></span> <span class='ocrx_word' id='word_1_50' title='bbox 1596 708 1676 749; x_wconf 90' lang='lat' dir='ltr'><strong>Sed</strong></span> <span class='ocrx_word' id='word_1_51' title='bbox 1706 715 1813 747; x_wconf 87' lang='lat' dir='ltr'><strong>recte</strong></span> 
     </span>
     <span class='ocr_line' id='line_1_9' title="bbox 376 773 1811 829; baseline 0.001 -17"><span class='ocrx_word' id='word_1_52' title='bbox 376 773 534 813; x_wconf 90' lang='lat' dir='ltr'><strong>monuit</strong></span> <span class='ocrx_word' id='word_1_53' title='bbox 556 773 749 813; x_wconf 89' lang='lat' dir='ltr'><strong>Pauwius</strong></span> <span class='ocrx_word' id='word_1_54' title='bbox 769 774 930 826; x_wconf 81' lang='grc' dir='ltr'>ἀμείψει</span> <span class='ocrx_word' id='word_1_55' title='bbox 949 788 1034 814; x_wconf 89' lang='lat' dir='ltr'><strong>esse</strong></span> <span class='ocrx_word' id='word_1_56' title='bbox 1053 774 1242 815; x_wconf 83' lang='lat' dir='ltr'><strong>secundae</strong></span> <span class='ocrx_word' id='word_1_57' title='bbox 1261 789 1469 829; x_wconf 88' lang='lat' dir='ltr'><strong>personae;</strong></span> <span class='ocrx_word' id='word_1_58' title='bbox 1503 776 1683 816; x_wconf 74' lang='lat' dir='ltr'><strong>vicissim</strong></span> <span class='ocrx_word' id='word_1_59' title='bbox 1703 775 1811 814; x_wconf 83' lang='lat' dir='ltr'><strong>acci·</strong></span> 
     </span>
     <span class='ocr_line' id='line_1_10' title="bbox 369 840 922 895; baseline 0.002 -15"><span class='ocrx_word' id='word_1_60' title='bbox 369 853 472 895; x_wconf 81' lang='lat' dir='ltr'><strong>pere</strong></span> <span class='ocrx_word' id='word_1_61' title='bbox 487 841 660 895; x_wconf 71' lang='lat' dir='ltr'><strong>poteris.</strong></span> <span class='ocrx_word' id='word_1_62' title='bbox 692 840 922 881; x_wconf 88' lang='lat' dir='ltr'><strong>BLOMF.</strong></span> 
     </span>
    </p>

    <p class='ocr_par' dir='ltr' id='par_1_5' title="bbox 434 906 1512 964">
     <span class='ocr_line' id='line_1_11' title="bbox 434 906 1512 964; baseline 0.001 -17"><span class='ocrx_word' id='word_1_63' title='bbox 434 917 528 962; x_wconf 85' lang='lat'><em>793.</em></span> <span class='ocrx_word' id='word_1_64' title='bbox 549 907 792 958; x_wconf 83' lang='grc' dir='ltr'>παλίμποινα</span> <span class='ocrx_word' id='word_1_65' title='bbox 814 906 956 962; x_wconf 89' lang='lat' dir='ltr'><strong>Steph.</strong></span> <span class='ocrx_word' id='word_1_66' title='bbox 985 908 1224 948; x_wconf 87' lang='grc' dir='ltr'>παλίνποινα</span> <span class='ocrx_word' id='word_1_67' title='bbox 1242 907 1335 948; x_wconf 84' lang='lat' dir='ltr'><strong>libri</strong></span> <span class='ocrx_word' id='word_1_68' title='bbox 1354 907 1512 964; x_wconf 83' lang='lat' dir='ltr'><strong>reliqui.</strong></span> 
     </span>
    </p>

    <p class='ocr_par' dir='ltr' id='par_1_6' title="bbox 434 973 941 1028">
     <span class='ocr_line' id='line_1_12' title="bbox 434 973 941 1028; baseline -0.002 -14"><span class='ocrx_word' id='word_1_69' title='bbox 434 973 613 1027; x_wconf 81' lang='grc' dir='ltr'>ἀμείψει]</span> <span class='ocrx_word' id='word_1_70' title='bbox 634 974 783 1028; x_wconf 80' lang='grc' dir='ltr'>ἀμείψῃ</span> <span class='ocrx_word' id='word_1_71' title='bbox 805 974 941 1013; x_wconf 90' lang='lat' dir='ltr'><strong>Turn.</strong></span> 
     </span>
    </p>

    <p class='ocr_par' dir='ltr' id='par_1_7' title="bbox 437 1040 993 1097">
     <span class='ocr_line' id='line_1_13' title="bbox 437 1040 993 1097; baseline 0 -17"><span class='ocrx_word' id='word_1_72' title='bbox 437 1053 531 1094; x_wconf 89' lang='lat'>794.</span> <span class='ocrx_word' id='word_1_73' title='bbox 551 1041 652 1097; x_wconf 83' lang='grc' dir='ltr'>ἴσθι]</span> <span class='ocrx_word' id='word_1_74' title='bbox 675 1042 767 1094; x_wconf 79' lang='grc' dir='ltr'>ἴσχε</span> <span class='ocrx_word' id='word_1_75' title='bbox 788 1040 993 1082; x_wconf 86' lang='lat' dir='ltr'><strong>Pauwius.</strong></span> 
     </span>
    </p>

    <p class='ocr_par' dir='ltr' id='par_1_8' title="bbox 373 1106 1818 2222">
     <span class='ocr_line' id='line_1_14' title="bbox 434 1106 1812 1164; baseline 0.001 -16"><span class='ocrx_word' id='word_1_76' title='bbox 434 1109 526 1161; x_wconf 83' lang='grc' dir='ltr'>ἴσχε</span> <span class='ocrx_word' id='word_1_77' title='bbox 546 1106 576 1148; x_wconf 87' lang='grc' dir='ltr'><strong>δ’</strong></span> <span class='ocrx_word' id='word_1_78' title='bbox 602 1107 960 1162; x_wconf 83' lang='grc' dir='ltr'>ἀνδρὸς-ὄρεγμα]</span> <span class='ocrx_word' id='word_1_79' title='bbox 981 1107 1126 1148; x_wconf 74' lang='lat' dir='ltr'><em>Inhibe</em></span> <span class='ocrx_word' id='word_1_80' title='bbox 1142 1121 1237 1148; x_wconf 84' lang='lat' dir='ltr'><strong>vero</strong></span> <span class='ocrx_word' id='word_1_81' title='bbox 1256 1108 1390 1149; x_wconf 78' lang='lat' dir='ltr'><strong>dilecti</strong></span> <span class='ocrx_word' id='word_1_82' title='bbox 1411 1110 1496 1150; x_wconf 86' lang='lat' dir='ltr'><strong>viri</strong></span> <span class='ocrx_word' id='word_1_83' title='bbox 1518 1110 1812 1164; x_wconf 88' lang='lat' dir='ltr'><strong>(Agamemno-</strong></span> 
     </span>
     <span class='ocr_line' id='line_1_15' title="bbox 378 1174 1815 1232; baseline 0.001 -17"><span class='ocrx_word' id='word_1_84' title='bbox 378 1174 440 1215; x_wconf 90' lang='lat' dir='ltr'><strong>nis</strong></span> <span class='ocrx_word' id='word_1_85' title='bbox 460 1174 602 1225; x_wconf 88' lang='lat' dir='ltr'><strong>filium,</strong></span> <span class='ocrx_word' id='word_1_86' title='bbox 624 1177 835 1230; x_wconf 85' lang='lat' dir='ltr'>tanquam)</span> <span class='ocrx_word' id='word_1_87' title='bbox 853 1175 1017 1231; x_wconf 80' lang='lat' dir='ltr'><strong>pullum</strong></span> <span class='ocrx_word' id='word_1_88' title='bbox 1036 1175 1179 1216; x_wconf 86' lang='lat' dir='ltr'><strong>orbum</strong></span> <span class='ocrx_word' id='word_1_89' title='bbox 1198 1177 1342 1216; x_wconf 82' lang='lat' dir='ltr'><strong>currui</strong></span> <span class='ocrx_word' id='word_1_90' title='bbox 1365 1177 1645 1217; x_wconf 78' lang='lat' dir='ltr'><em>calamitatum</em></span> <span class='ocrx_word' id='word_1_91' title='bbox 1664 1176 1815 1232; x_wconf 79' lang='lat' dir='ltr'><em>alliga-</em></span> 
     </span>
     <span class='ocr_line' id='line_1_16' title="bbox 381 1241 1816 1299; baseline 0.001 -17"><span class='ocrx_word' id='word_1_92' title='bbox 381 1248 467 1282; x_wconf 86' lang='lat' dir='ltr'><strong>tum</strong></span> <span class='ocrx_word' id='word_1_93' title='bbox 497 1242 662 1297; x_wconf 74' lang='lat' dir='ltr'><strong>ejusque</strong></span> <span class='ocrx_word' id='word_1_94' title='bbox 690 1242 834 1282; x_wconf 76' lang='lat' dir='ltr'><strong>cursui</strong></span> <span class='ocrx_word' id='word_1_95' title='bbox 852 1241 1074 1297; x_wconf 80' lang='lat' dir='ltr'><strong>aliquando</strong></span> <span class='ocrx_word' id='word_1_96' title='bbox 1094 1242 1255 1282; x_wconf 82' lang='lat' dir='ltr'><strong>modum</strong></span> <span class='ocrx_word' id='word_1_97' title='bbox 1279 1257 1437 1298; x_wconf 74' lang='lat' dir='ltr'><strong>ponens</strong></span> <span class='ocrx_word' id='word_1_98' title='bbox 1462 1243 1527 1284; x_wconf 87' lang='lat' dir='ltr'><strong>fac</strong></span> <span class='ocrx_word' id='word_1_99' title='bbox 1555 1254 1603 1284; x_wconf 87' lang='lat' dir='ltr'><strong>ut</strong></span> <span class='ocrx_word' id='word_1_100' title='bbox 1622 1243 1700 1284; x_wconf 88' lang='lat' dir='ltr'><strong>hoc</strong></span> <span class='ocrx_word' id='word_1_101' title='bbox 1726 1243 1816 1299; x_wconf 86' lang='lat' dir='ltr'><strong>ipso</strong></span> 
     </span>
     <span class='ocr_line' id='line_1_17' title="bbox 379 1307 1814 1366; baseline 0 -17"><span class='ocrx_word' id='word_1_102' title='bbox 379 1308 653 1349; x_wconf 86' lang='lat' dir='ltr'><strong>moderamine</strong></span> <span class='ocrx_word' id='word_1_103' title='bbox 687 1316 870 1348; x_wconf 85' lang='lat' dir='ltr'><strong>servatus</strong></span> <span class='ocrx_word' id='word_1_104' title='bbox 899 1308 971 1348; x_wconf 79' lang='lat' dir='ltr'><strong>hoc</strong></span> <span class='ocrx_word' id='word_1_105' title='bbox 1003 1307 1146 1364; x_wconf 87' lang='lat' dir='ltr'><strong>patriae</strong></span> <span class='ocrx_word' id='word_1_106' title='bbox 1179 1310 1312 1350; x_wconf 76' lang='lat' dir='ltr'><strong>solum</strong></span> <span class='ocrx_word' id='word_1_107' title='bbox 1347 1311 1498 1360; x_wconf 84' lang='lat' dir='ltr'><strong>videat,</strong></span> <span class='ocrx_word' id='word_1_108' title='bbox 1526 1315 1814 1366; x_wconf 74' lang='lat' dir='ltr'><strong>superatorum</strong></span> 
     </span>
     <span class='ocr_line' id='line_1_18' title="bbox 373 1375 1815 1432; baseline -0.001 -15"><span class='ocrx_word' id='word_1_109' title='bbox 373 1390 599 1432; x_wconf 75' lang='lat' dir='ltr'><strong>gressuum</strong></span> <span class='ocrx_word' id='word_1_110' title='bbox 619 1375 878 1423; x_wconf 75' lang='lat' dir='ltr'><strong>desiderium,</strong></span> <span class='ocrx_word' id='word_1_111' title='bbox 900 1375 940 1416; x_wconf 90' lang='lat' dir='ltr'><strong>h.</strong></span> <span class='ocrx_word' id='word_1_112' title='bbox 961 1390 996 1416; x_wconf 91' lang='lat' dir='ltr'><strong>e.</strong></span> <span class='ocrx_word' id='word_1_113' title='bbox 1017 1389 1141 1430; x_wconf 87' lang='lat' dir='ltr'><strong>quam</strong></span> <span class='ocrx_word' id='word_1_114' title='bbox 1171 1375 1343 1431; x_wconf 84' lang='lat' dir='ltr'><strong>patriam</strong></span> <span class='ocrx_word' id='word_1_115' title='bbox 1372 1376 1415 1417; x_wconf 93' lang='lat' dir='ltr'><strong>in</strong></span> <span class='ocrx_word' id='word_1_116' title='bbox 1435 1386 1521 1418; x_wconf 90' lang='lat' dir='ltr'><strong>toto</strong></span> <span class='ocrx_word' id='word_1_117' title='bbox 1540 1376 1815 1418; x_wconf 80' lang='lat' dir='ltr'><strong>calamitatum</strong></span> 
     </span>
     <span class='ocr_line' id='line_1_19' title="bbox 379 1441 1813 1499; baseline -0.001 -15"><span class='ocrx_word' id='word_1_118' title='bbox 379 1458 518 1493; x_wconf 87' lang='lat' dir='ltr'><strong>cursu,</strong></span> <span class='ocrx_word' id='word_1_119' title='bbox 538 1442 667 1484; x_wconf 87' lang='lat' dir='ltr'><strong>exsilii</strong></span> <span class='ocrx_word' id='word_1_120' title='bbox 687 1441 911 1498; x_wconf 86' lang='lat' dir='ltr'><strong>praesertim</strong></span> <span class='ocrx_word' id='word_1_121' title='bbox 928 1451 1125 1497; x_wconf 87' lang='lat' dir='ltr'><strong>tempore,</strong></span> <span class='ocrx_word' id='word_1_122' title='bbox 1147 1442 1315 1484; x_wconf 89' lang='lat' dir='ltr'><strong>nimium</strong></span> <span class='ocrx_word' id='word_1_123' title='bbox 1338 1454 1538 1499; x_wconf 85' lang='lat' dir='ltr'><strong>quantum</strong></span> <span class='ocrx_word' id='word_1_124' title='bbox 1560 1442 1813 1484; x_wconf 84' lang='lat' dir='ltr'><strong>desideravit.</strong></span> 
     </span>
     <span class='ocr_line' id='line_1_20' title="bbox 383 1508 1815 1565; baseline 0 -14"><span class='ocrx_word' id='word_1_125' title='bbox 383 1511 449 1551; x_wconf 87' lang='lat' dir='ltr'><strong>Sic</strong></span> <span class='ocrx_word' id='word_1_126' title='bbox 479 1521 595 1551; x_wconf 91' lang='lat' dir='ltr'><strong>tenor</strong></span> <span class='ocrx_word' id='word_1_127' title='bbox 623 1508 828 1565; x_wconf 89' lang='lat' dir='ltr'><strong>allegoriae</strong></span> <span class='ocrx_word' id='word_1_128' title='bbox 859 1524 886 1551; x_wconf 85' lang='lat' dir='ltr'><strong>a.</strong></span> <span class='ocrx_word' id='word_1_129' title='bbox 915 1508 1117 1565; x_wconf 87' lang='lat' dir='ltr'><strong>principio</strong></span> <span class='ocrx_word' id='word_1_130' title='bbox 1147 1524 1277 1565; x_wconf 87' lang='lat' dir='ltr'><strong>usque</strong></span> <span class='ocrx_word' id='word_1_131' title='bbox 1306 1510 1358 1550; x_wconf 90' lang='lat' dir='ltr'><strong>ad</strong></span> <span class='ocrx_word' id='word_1_132' title='bbox 1389 1510 1512 1551; x_wconf 86' lang='lat' dir='ltr'><strong>finem</strong></span> <span class='ocrx_word' id='word_1_133' title='bbox 1539 1510 1615 1551; x_wconf 85' lang='lat' dir='ltr'><strong>sibi</strong></span> <span class='ocrx_word' id='word_1_134' title='bbox 1646 1518 1815 1551; x_wconf 85' lang='lat' dir='ltr'><strong>constat.</strong></span> 
     </span>
     <span class='ocr_line' id='line_1_21' title="bbox 382 1575 1816 1632; baseline -0.001 -14"><span class='ocrx_word' id='word_1_135' title='bbox 382 1578 546 1618; x_wconf 87' lang='lat' dir='ltr'><strong>Orestes</strong></span> <span class='ocrx_word' id='word_1_136' title='bbox 565 1576 672 1617; x_wconf 90' lang='lat' dir='ltr'><strong>enim</strong></span> <span class='ocrx_word' id='word_1_137' title='bbox 701 1585 819 1631; x_wconf 86' lang='lat' dir='ltr'><strong>patre</strong></span> <span class='ocrx_word' id='word_1_138' title='bbox 846 1575 1013 1616; x_wconf 86' lang='lat' dir='ltr'><strong>orbatus</strong></span> <span class='ocrx_word' id='word_1_139' title='bbox 1033 1584 1073 1616; x_wconf 91' lang='lat' dir='ltr'><strong>et</strong></span> <span class='ocrx_word' id='word_1_140' title='bbox 1093 1575 1208 1616; x_wconf 85' lang='lat' dir='ltr'><strong>exsul</strong></span> <span class='ocrx_word' id='word_1_141' title='bbox 1228 1591 1320 1616; x_wconf 90' lang='lat' dir='ltr'><strong>cum</strong></span> <span class='ocrx_word' id='word_1_142' title='bbox 1351 1576 1465 1632; x_wconf 90' lang='lat' dir='ltr'><strong>pullo</strong></span> <span class='ocrx_word' id='word_1_143' title='bbox 1484 1576 1634 1632; x_wconf 91' lang='lat' dir='ltr'><strong>equino</strong></span> <span class='ocrx_word' id='word_1_144' title='bbox 1653 1590 1816 1631; x_wconf 90' lang='lat' dir='ltr'><strong>compa-</strong></span> 
     </span>
     <span class='ocr_line' id='line_1_22' title="bbox 380 1642 1818 1699; baseline -0.001 -15"><span class='ocrx_word' id='word_1_145' title='bbox 380 1652 520 1691; x_wconf 88' lang='lat' dir='ltr'><strong>ratur;</strong></span> <span class='ocrx_word' id='word_1_146' title='bbox 553 1643 800 1684; x_wconf 86' lang='lat' dir='ltr'><strong>calamitates</strong></span> <span class='ocrx_word' id='word_1_147' title='bbox 829 1643 917 1699; x_wconf 86' lang='lat' dir='ltr'><strong>ejus</strong></span> <span class='ocrx_word' id='word_1_148' title='bbox 945 1657 1039 1684; x_wconf 88' lang='lat' dir='ltr'><strong>cum</strong></span> <span class='ocrx_word' id='word_1_149' title='bbox 1068 1657 1207 1692; x_wconf 89' lang='lat' dir='ltr'><strong>curru,</strong></span> <span class='ocrx_word' id='word_1_150' title='bbox 1228 1642 1294 1683; x_wconf 89' lang='lat' dir='ltr'><strong>cui</strong></span> <span class='ocrx_word' id='word_1_151' title='bbox 1323 1658 1454 1698; x_wconf 89' lang='lat' dir='ltr'><strong>equus</strong></span> <span class='ocrx_word' id='word_1_152' title='bbox 1476 1644 1648 1699; x_wconf 88' lang='lat' dir='ltr'><strong>junctus</strong></span> <span class='ocrx_word' id='word_1_153' title='bbox 1674 1657 1818 1684; x_wconf 89' lang='lat' dir='ltr'><strong>cursus</strong></span> 
     </span>
     <span class='ocr_line' id='line_1_23' title="bbox 381 1709 1816 1767; baseline 0 -16"><span class='ocrx_word' id='word_1_154' title='bbox 381 1710 598 1751; x_wconf 89' lang='lat' dir='ltr'><strong>immodica</strong></span> <span class='ocrx_word' id='word_1_155' title='bbox 617 1709 820 1751; x_wconf 86' lang='lat' dir='ltr'><strong>celeritate</strong></span> <span class='ocrx_word' id='word_1_156' title='bbox 839 1710 982 1751; x_wconf 89' lang='lat' dir='ltr'><strong>misere</strong></span> <span class='ocrx_word' id='word_1_157' title='bbox 1006 1709 1228 1765; x_wconf 62' lang='lat' dir='ltr'><strong>fatigatum</strong></span> <span class='ocrx_word' id='word_1_158' title='bbox 1259 1709 1401 1762; x_wconf 89' lang='grc' dir='ltr'>μέτρον</span> <span class='ocrx_word' id='word_1_159' title='bbox 1420 1719 1460 1751; x_wconf 89' lang='lat' dir='ltr'><strong>et</strong></span> <span class='ocrx_word' id='word_1_160' title='bbox 1479 1710 1622 1763; x_wconf 81' lang='grc' dir='ltr'>ῥυθμὸς</span> <span class='ocrx_word' id='word_1_161' title='bbox 1649 1725 1816 1767; x_wconf 90' lang='lat' dir='ltr'><strong>prorsus</strong></span> 
     </span>
     <span class='ocr_line' id='line_1_24' title="bbox 380 1776 1815 1833; baseline 0.001 -16"><span class='ocrx_word' id='word_1_162' title='bbox 380 1776 488 1818; x_wconf 90' lang='lat' dir='ltr'><strong>idem</strong></span> <span class='ocrx_word' id='word_1_163' title='bbox 529 1776 770 1833; x_wconf 89' lang='lat' dir='ltr'><strong>significant,</strong></span> <span class='ocrx_word' id='word_1_164' title='bbox 810 1777 1002 1818; x_wconf 90' lang='lat' dir='ltr'><strong>nimirum</strong></span> <span class='ocrx_word' id='word_1_165' title='bbox 1042 1776 1358 1818; x_wconf 83' lang='lat' dir='ltr'><strong>infortuniorum</strong></span> <span class='ocrx_word' id='word_1_166' title='bbox 1399 1777 1742 1825; x_wconf 86' lang='lat' dir='ltr'><strong>sublevationem;</strong></span> <span class='ocrx_word' id='word_1_167' title='bbox 1775 1786 1815 1818; x_wconf 92' lang='lat' dir='ltr'><strong>et</strong></span> 
     </span>
     <span class='ocr_line' id='line_1_25' title="bbox 382 1843 1816 1900; baseline 0.001 -16"><span class='ocrx_word' id='word_1_168' title='bbox 382 1843 485 1886; x_wconf 87' lang='lat' dir='ltr'><strong>sicut</strong></span> <span class='ocrx_word' id='word_1_169' title='bbox 504 1859 636 1900; x_wconf 92' lang='lat' dir='ltr'><strong>equus</strong></span> <span class='ocrx_word' id='word_1_170' title='bbox 655 1844 871 1886; x_wconf 87' lang='lat' dir='ltr'><strong>immodico</strong></span> <span class='ocrx_word' id='word_1_171' title='bbox 888 1860 1008 1886; x_wconf 89' lang='lat' dir='ltr'><strong>cursu</strong></span> <span class='ocrx_word' id='word_1_172' title='bbox 1030 1844 1208 1900; x_wconf 86' lang='lat' dir='ltr'><strong>agitatus</strong></span> <span class='ocrx_word' id='word_1_173' title='bbox 1226 1844 1484 1886; x_wconf 88' lang='lat' dir='ltr'><strong>vehementer</strong></span> <span class='ocrx_word' id='word_1_174' title='bbox 1502 1844 1724 1895; x_wconf 86' lang='lat' dir='ltr'><strong>stabulum,</strong></span> <span class='ocrx_word' id='word_1_175' title='bbox 1745 1844 1816 1886; x_wconf 92' lang='lat' dir='ltr'><strong>ubi</strong></span> 
     </span>
     <span class='ocr_line' id='line_1_26' title="bbox 381 1911 1818 1969; baseline 0.001 -17"><span class='ocrx_word' id='word_1_176' title='bbox 381 1912 632 1967; x_wconf 85' lang='lat' dir='ltr'><strong>requiescere</strong></span> <span class='ocrx_word' id='word_1_177' title='bbox 659 1913 802 1969; x_wconf 79' lang='lat' dir='ltr'><strong>possit,</strong></span> <span class='ocrx_word' id='word_1_178' title='bbox 831 1912 1046 1962; x_wconf 87' lang='lat' dir='ltr'><strong>desiderat,</strong></span> <span class='ocrx_word' id='word_1_179' title='bbox 1078 1911 1133 1952; x_wconf 89' lang='lat' dir='ltr'><strong>sic</strong></span> <span class='ocrx_word' id='word_1_180' title='bbox 1165 1911 1308 1967; x_wconf 86' lang='lat' dir='ltr'><strong>patria,</strong></span> <span class='ocrx_word' id='word_1_181' title='bbox 1335 1912 1401 1953; x_wconf 89' lang='lat' dir='ltr'><strong>cui</strong></span> <span class='ocrx_word' id='word_1_182' title='bbox 1428 1912 1701 1954; x_wconf 89' lang='lat' dir='ltr'><strong>restituendus</strong></span> <span class='ocrx_word' id='word_1_183' title='bbox 1730 1921 1818 1954; x_wconf 88' lang='lat' dir='ltr'><strong>erat</strong></span> 
     </span>
     <span class='ocr_line' id='line_1_27' title="bbox 383 1978 1816 2035; baseline 0.001 -16"><span class='ocrx_word' id='word_1_184' title='bbox 383 1980 561 2028; x_wconf 88' lang='lat' dir='ltr'><strong>Orestes,</strong></span> <span class='ocrx_word' id='word_1_185' title='bbox 589 1979 693 2020; x_wconf 90' lang='lat' dir='ltr'><strong>bene</strong></span> <span class='ocrx_word' id='word_1_186' title='bbox 721 1979 801 2021; x_wconf 84' lang='lat' dir='ltr'><strong>dici</strong></span> <span class='ocrx_word' id='word_1_187' title='bbox 829 1989 990 2035; x_wconf 89' lang='lat' dir='ltr'><strong>poterat</strong></span> <span class='ocrx_word' id='word_1_188' title='bbox 1019 1979 1187 2020; x_wconf 84' lang='grc' dir='ltr'>δάπεδον</span> <span class='ocrx_word' id='word_1_189' title='bbox 1214 1978 1415 2030; x_wconf 86' lang='grc' dir='ltr'>ἀνομένων</span> <span class='ocrx_word' id='word_1_190' title='bbox 1441 1978 1627 2031; x_wconf 87' lang='grc' dir='ltr'>βημάτων</span> <span class='ocrx_word' id='word_1_191' title='bbox 1656 1981 1816 2032; x_wconf 82' lang='grc' dir='ltr'>ὄρεγμα.</span> 
     </span>
     <span class='ocr_line' id='line_1_28' title="bbox 385 2044 1816 2102; baseline -0.001 -15"><span class='ocrx_word' id='word_1_192' title='bbox 385 2046 451 2087; x_wconf 90' lang='lat' dir='ltr'><strong>Sic</strong></span> <span class='ocrx_word' id='word_1_193' title='bbox 481 2046 724 2087; x_wconf 85' lang='lat' dir='ltr'><strong>vocabulum</strong></span> <span class='ocrx_word' id='word_1_194' title='bbox 754 2049 864 2098; x_wconf 87' lang='grc' dir='ltr'>βῆμα</span> <span class='ocrx_word' id='word_1_195' title='bbox 892 2046 944 2087; x_wconf 93' lang='lat' dir='ltr'><strong>de</strong></span> <span class='ocrx_word' id='word_1_196' title='bbox 970 2045 1104 2087; x_wconf 89' lang='lat' dir='ltr'><strong>reditu</strong></span> <span class='ocrx_word' id='word_1_197' title='bbox 1138 2045 1291 2086; x_wconf 88' lang='lat' dir='ltr'><strong>Orestis</strong></span> <span class='ocrx_word' id='word_1_198' title='bbox 1323 2044 1435 2101; x_wconf 84' lang='lat' dir='ltr'><strong>apud</strong></span> <span class='ocrx_word' id='word_1_199' title='bbox 1470 2045 1712 2102; x_wconf 87' lang='lat' dir='ltr'><strong>Sophoclem</strong></span> <span class='ocrx_word' id='word_1_200' title='bbox 1747 2046 1816 2086; x_wconf 92' lang='lat' dir='ltr'><strong>El.</strong></span> 
     </span>
     <span class='ocr_line' id='line_1_29' title="bbox 381 2111 1816 2169; baseline 0.001 -16"><span class='ocrx_word' id='word_1_201' title='bbox 381 2127 419 2154; x_wconf 79' lang='lat' dir='ltr'><strong>v.</strong></span> <span class='ocrx_word' id='word_1_202' title='bbox 451 2123 542 2167; x_wconf 87' lang='lat'>159.</span> <span class='ocrx_word' id='word_1_203' title='bbox 569 2128 630 2169; x_wconf 91' lang='lat' dir='ltr'><strong>sq.</strong></span> <span class='ocrx_word' id='word_1_204' title='bbox 663 2113 758 2157; x_wconf 85' lang='grc' dir='ltr'>Διὸς</span> <span class='ocrx_word' id='word_1_205' title='bbox 787 2114 947 2166; x_wconf 77' lang='grc' dir='ltr'>εὔφρονι</span> <span class='ocrx_word' id='word_1_206' title='bbox 977 2113 1122 2166; x_wconf 87' lang='grc' dir='ltr'>βήματι</span> <span class='ocrx_word' id='word_1_207' title='bbox 1155 2113 1329 2164; x_wconf 87' lang='grc' dir='ltr'>μολόντα</span> <span class='ocrx_word' id='word_1_208' title='bbox 1358 2111 1474 2154; x_wconf 90' lang='grc' dir='ltr'>τάνδε</span> <span class='ocrx_word' id='word_1_209' title='bbox 1503 2116 1580 2166; x_wconf 84' lang='grc' dir='ltr'><strong>γᾶν</strong></span> <span class='ocrx_word' id='word_1_210' title='bbox 1606 2112 1816 2165; x_wconf 84' lang='grc' dir='ltr'>Ὀρέσταν.</span> 
     </span>
     <span class='ocr_line' id='line_1_30' title="bbox 385 2181 516 2222; baseline -0.015 0"><span class='ocrx_word' id='word_1_211' title='bbox 385 2181 516 2222; x_wconf 91' lang='lat' dir='ltr'>SCH.</span> 
     </span>
    </p>

    <p class='ocr_par' dir='ltr' id='par_1_9' title="bbox 383 2246 1818 2368">
     <span class='ocr_line' id='line_1_31' title="bbox 442 2246 1818 2303; baseline 0.002 -16"><span class='ocrx_word' id='word_1_212' title='bbox 442 2248 537 2300; x_wconf 84' lang='lat'>796.</span> <span class='ocrx_word' id='word_1_213' title='bbox 562 2246 696 2288; x_wconf 88' lang='lat' dir='ltr'><strong>Schol.</strong></span> <span class='ocrx_word' id='word_1_214' title='bbox 719 2246 892 2298; x_wconf 86' lang='grc' dir='ltr'>ἐνέμεινε</span> <span class='ocrx_word' id='word_1_215' title='bbox 911 2249 957 2303; x_wconf 85' lang='grc' dir='ltr'><strong>τῇ</strong></span> <span class='ocrx_word' id='word_1_216' title='bbox 975 2248 1190 2301; x_wconf 75' lang='grc' dir='ltr'>μεταφορᾷ.</span> <span class='ocrx_word' id='word_1_217' title='bbox 1222 2248 1353 2300; x_wconf 88' lang='grc' dir='ltr'>φήσας</span> <span class='ocrx_word' id='word_1_218' title='bbox 1372 2250 1447 2301; x_wconf 81' lang='grc' dir='ltr'><strong>γὰρ</strong></span> <span class='ocrx_word' id='word_1_219' title='bbox 1468 2250 1512 2289; x_wconf 83' lang='grc' dir='ltr'><strong>ἐν</strong></span> <span class='ocrx_word' id='word_1_220' title='bbox 1531 2249 1669 2302; x_wconf 79' lang='grc' dir='ltr'>ἅρματι</span> <span class='ocrx_word' id='word_1_221' title='bbox 1695 2249 1818 2301; x_wconf 91' lang='grc' dir='ltr'>πημά-</span> 
     </span>
     <span class='ocr_line' id='line_1_32' title="bbox 383 2313 889 2368; baseline 0 -13"><span class='ocrx_word' id='word_1_222' title='bbox 383 2331 471 2365; x_wconf 86' lang='grc' dir='ltr'>των,</span> <span class='ocrx_word' id='word_1_223' title='bbox 493 2314 537 2354; x_wconf 84' lang='grc' dir='ltr'><strong>τὸ</strong></span> <span class='ocrx_word' id='word_1_224' title='bbox 558 2315 683 2368; x_wconf 83' lang='grc' dir='ltr'>δρόμῳ</span> <span class='ocrx_word' id='word_1_225' title='bbox 704 2313 889 2367; x_wconf 83' lang='grc' dir='ltr'>ἐπήγαγε.</span> 
     </span>
    </p>

    <p class='ocr_par' dir='ltr' id='par_1_10' title="bbox 442 2379 1398 2437">
     <span class='ocr_line' id='line_1_33' title="bbox 442 2379 1398 2437; baseline 0.003 -17"><span class='ocrx_word' id='word_1_226' title='bbox 442 2381 537 2435; x_wconf 90' lang='lat'>798.</span> <span class='ocrx_word' id='word_1_227' title='bbox 559 2379 657 2421; x_wconf 86' lang='grc' dir='ltr'>τοῦτ’</span> <span class='ocrx_word' id='word_1_228' title='bbox 680 2381 776 2421; x_wconf 84' lang='grc' dir='ltr'>ἰδεῖν</span> <span class='ocrx_word' id='word_1_229' title='bbox 794 2380 977 2435; x_wconf 82' lang='grc' dir='ltr'>δάπεδον]</span> <span class='ocrx_word' id='word_1_230' title='bbox 1002 2381 1150 2421; x_wconf 86' lang='lat' dir='ltr'><strong>Versus</strong></span> <span class='ocrx_word' id='word_1_231' title='bbox 1170 2391 1398 2437; x_wconf 89' lang='lat' dir='ltr'><strong>corruptus.</strong></span> 
     </span>
    </p>
   </div>
   <div class='ocr_carea' id='block_1_4' title="bbox 383 2446 1818 2566">
    <p class='ocr_par' dir='ltr' id='par_1_11' title="bbox 383 2446 1818 2566">
     <span class='ocr_line' id='line_1_34' title="bbox 442 2446 1818 2503; baseline 0.002 -15"><span class='ocrx_word' id='word_1_232' title='bbox 442 2458 536 2501; x_wconf 87' lang='lat'><strong>799.</strong></span> <span class='ocrx_word' id='word_1_233' title='bbox 573 2446 756 2498; x_wconf 86' lang='grc' dir='ltr'>πημάτων</span> <span class='ocrx_word' id='word_1_234' title='bbox 788 2447 924 2488; x_wconf 89' lang='lat' dir='ltr'><strong>Turn.</strong></span> <span class='ocrx_word' id='word_1_235' title='bbox 968 2447 1110 2503; x_wconf 90' lang='lat' dir='ltr'><strong>Steph.</strong></span> <span class='ocrx_word' id='word_1_236' title='bbox 1155 2447 1352 2500; x_wconf 83' lang='grc' dir='ltr'>κτημάτων</span> <span class='ocrx_word' id='word_1_237' title='bbox 1384 2448 1493 2489; x_wconf 89' lang='lat' dir='ltr'><strong>Rob.</strong></span> <span class='ocrx_word' id='word_1_238' title='bbox 1550 2449 1818 2491; x_wconf 84' lang='lat' dir='ltr'><strong>Scribendum</strong></span> 
     </span>
     <span class='ocr_line' id='line_1_35' title="bbox 383 2512 1054 2566; baseline 0 -12"><span class='ocrx_word' id='word_1_239' title='bbox 383 2513 569 2566; x_wconf 86' lang='grc' dir='ltr'>βημάτων</span> <span class='ocrx_word' id='word_1_240' title='bbox 589 2527 683 2553; x_wconf 89' lang='lat' dir='ltr'><strong>cum</strong></span> <span class='ocrx_word' id='word_1_241' title='bbox 704 2513 770 2554; x_wconf 90' lang='lat' dir='ltr'><strong>M.</strong></span> <span class='ocrx_word' id='word_1_242' title='bbox 792 2512 934 2554; x_wconf 83' lang='lat' dir='ltr'><strong>Guelf.</strong></span> <span class='ocrx_word' id='word_1_243' title='bbox 953 2512 1054 2554; x_wconf 91' lang='lat' dir='ltr'><strong>Ald.</strong></span> 
     </span>
    </p>
   </div>
   <div class='ocr_carea' id='block_1_5' title="bbox 385 2580 1820 2889">
    <p class='ocr_par' dir='ltr' id='par_1_12' title="bbox 385 2580 1819 2699">
     <span class='ocr_line' id='line_1_36' title="bbox 442 2580 1819 2638; baseline 0.002 -17"><span class='ocrx_word' id='word_1_244' title='bbox 442 2581 537 2621; x_wconf 90' lang='lat'><em>801.</em></span> <span class='ocrx_word' id='word_1_245' title='bbox 567 2581 815 2632; x_wconf 85' lang='grc' dir='ltr'>πλουτογαθῆ</span> <span class='ocrx_word' id='word_1_246' title='bbox 835 2580 968 2620; x_wconf 88' lang='lat' dir='ltr'><strong>Turn.</strong></span> <span class='ocrx_word' id='word_1_247' title='bbox 1012 2584 1263 2634; x_wconf 88' lang='grc' dir='ltr'>πλουταγαθῆ</span> <span class='ocrx_word' id='word_1_248' title='bbox 1293 2582 1357 2622; x_wconf 90' lang='grc' dir='ltr'><strong>Μ.</strong></span> <span class='ocrx_word' id='word_1_249' title='bbox 1380 2581 1520 2623; x_wconf 85' lang='lat' dir='ltr'><strong>Guelf.</strong></span> <span class='ocrx_word' id='word_1_250' title='bbox 1542 2582 1651 2623; x_wconf 89' lang='lat' dir='ltr'><strong>Rob.</strong></span> <span class='ocrx_word' id='word_1_251' title='bbox 1676 2582 1819 2638; x_wconf 85' lang='lat' dir='ltr'><strong>Steph.</strong></span> 
     </span>
     <span class='ocr_line' id='line_1_37' title="bbox 385 2645 788 2699; baseline -0.002 -11"><span class='ocrx_word' id='word_1_252' title='bbox 385 2645 518 2688; x_wconf 83' lang='grc' dir='ltr'>πλοῦτ’</span> <span class='ocrx_word' id='word_1_253' title='bbox 540 2648 667 2699; x_wconf 87' lang='grc' dir='ltr'>ἀγαθῆ</span> <span class='ocrx_word' id='word_1_254' title='bbox 687 2645 788 2687; x_wconf 90' lang='lat' dir='ltr'><strong>Ald.</strong></span> 
     </span>
    </p>

    <p class='ocr_par' dir='ltr' id='par_1_13' title="bbox 443 2713 1601 2770">
     <span class='ocr_line' id='line_1_38' title="bbox 443 2713 1601 2770; baseline 0 -15"><span class='ocrx_word' id='word_1_255' title='bbox 443 2713 631 2767; x_wconf 79' lang='grc' dir='ltr'>νομίζετε]</span> <span class='ocrx_word' id='word_1_256' title='bbox 658 2714 740 2753; x_wconf 88' lang='lat' dir='ltr'><strong>Per</strong></span> <span class='ocrx_word' id='word_1_257' title='bbox 757 2713 966 2766; x_wconf 84' lang='grc' dir='ltr'>ἡνιοχεῖτε,</span> <span class='ocrx_word' id='word_1_258' title='bbox 988 2716 1164 2755; x_wconf 84' lang='grc' dir='ltr'>διοικεῖτε</span> <span class='ocrx_word' id='word_1_259' title='bbox 1183 2713 1357 2770; x_wconf 86' lang='lat' dir='ltr'><strong>explicat</strong></span> <span class='ocrx_word' id='word_1_260' title='bbox 1377 2714 1601 2756; x_wconf 86' lang='lat' dir='ltr'><strong>scholiasta.</strong></span> 
     </span>
    </p>

    <p class='ocr_par' dir='ltr' id='par_1_14' title="bbox 387 2780 1820 2889">
     <span class='ocr_line' id='line_1_39' title="bbox 444 2780 1820 2838; baseline 0.003 -18"><span class='ocrx_word' id='word_1_261' title='bbox 444 2781 541 2822; x_wconf 84' lang='lat'>802.</span> <span class='ocrx_word' id='word_1_262' title='bbox 565 2780 716 2835; x_wconf 85' lang='grc' dir='ltr'>κλύετε]</span> <span class='ocrx_word' id='word_1_263' title='bbox 737 2780 985 2822; x_wconf 86' lang='lat' dir='ltr'><strong>Accuratius</strong></span> <span class='ocrx_word' id='word_1_264' title='bbox 1003 2780 1069 2822; x_wconf 90' lang='lat' dir='ltr'><strong>hic</strong></span> <span class='ocrx_word' id='word_1_265' title='bbox 1090 2796 1228 2821; x_wconf 85' lang='lat' dir='ltr'><strong>versus</strong></span> <span class='ocrx_word' id='word_1_266' title='bbox 1251 2780 1541 2836; x_wconf 88' lang='lat' dir='ltr'><strong>antistrophico</strong></span> <span class='ocrx_word' id='word_1_267' title='bbox 1562 2782 1820 2838; x_wconf 87' lang='lat' dir='ltr'><strong>respondebit</strong></span> 
     </span>
     <span class='ocr_line' id='line_1_40' title="bbox 387 2847 787 2889; baseline 0 -1"><span class='ocrx_word' id='word_1_268' title='bbox 387 2849 418 2888; x_wconf 88' lang='lat' dir='ltr'><strong>si</strong></span> <span class='ocrx_word' id='word_1_269' title='bbox 441 2851 555 2889; x_wconf 81' lang='grc' dir='ltr'>κλῦτε</span> <span class='ocrx_word' id='word_1_270' title='bbox 575 2847 787 2888; x_wconf 81' lang='lat' dir='ltr'><strong>scribatur.</strong></span> 
     </span>
    </p>
   </div>
   <div class='ocr_carea' id='block_1_6' title="bbox 444 2914 1786 2972">
    <p class='ocr_par' dir='ltr' id='par_1_15' title="bbox 444 2914 1786 2972">
     <span class='ocr_line' id='line_1_41' title="bbox 444 2914 1786 2972; baseline 0.002 -18"><span class='ocrx_word' id='word_1_271' title='bbox 444 2916 538 2968; x_wconf 84' lang='lat'><strong>803.</strong></span> <span class='ocrx_word' id='word_1_272' title='bbox 562 2914 657 2967; x_wconf 92' lang='lat'>804.</span> <span class='ocrx_word' id='word_1_273' title='bbox 681 2916 832 2957; x_wconf 88' lang='lat' dir='ltr'><strong>Versus</strong></span> <span class='ocrx_word' id='word_1_274' title='bbox 850 2931 901 2958; x_wconf 88' lang='lat' dir='ltr'><strong>ex</strong></span> <span class='ocrx_word' id='word_1_275' title='bbox 921 2915 1110 2957; x_wconf 89' lang='lat' dir='ltr'><strong>dochmio</strong></span> <span class='ocrx_word' id='word_1_276' title='bbox 1129 2924 1170 2957; x_wconf 91' lang='lat' dir='ltr'><strong>et</strong></span> <span class='ocrx_word' id='word_1_277' title='bbox 1188 2915 1355 2972; x_wconf 85' lang='lat' dir='ltr'><strong>dipodia</strong></span> <span class='ocrx_word' id='word_1_278' title='bbox 1374 2914 1544 2957; x_wconf 85' lang='lat' dir='ltr'><strong>iambica</strong></span> <span class='ocrx_word' id='word_1_279' title='bbox 1563 2916 1786 2972; x_wconf 89' lang='lat' dir='ltr'><strong>compositi.</strong></span> 
     </span>
    </p>
   </div>
  </div>
 </body>
</html>
