1962 3224
641 147 731 189 AD
763 145 1120 188 SUPPLICES.
1529 140 1611 183 611

205 265 307 317 464.
328 261 419 305 ἀλλ’
440 264 575 306 ἅπλῶς
589 259 848 303 Abreschius
868 259 1018 301 collato
1034 259 1178 300 Prom.
1196 258 1296 298 610.
1317 255 1387 297 οὐκ
1405 254 1614 308 ἐμπλέκων

149 330 357 386 αἰνίγματ’,
398 329 488 372 ἀλλ’
529 332 642 387 ἁπλῷ
686 330 808 385 λόγῳ.
859 329 967 370 ἆλλῖι
1011 331 1092 371 πῶς
1136 324 1244 376 libri,
1285 323 1400 381 quod
1445 322 1614 365 defendi

151 408 300 454 potest.

206 468 306 521 465.
346 466 612 522 ἀπάγξασθαι]
653 465 856 522 Virgines,
896 479 992 521 quae
1029 462 1172 519 paullo
1208 459 1459 518 generosiori
1498 468 1617 501 erant

152 535 300 587 animo,
337 535 449 576 zonis
487 535 541 577 ad
578 534 844 591 suspendium
877 531 995 574 abuti
1026 542 1123 573 sunt
1156 530 1285 572 solitae
1316 529 1457 586 potius
1488 544 1616 585 quam

151 612 276 644 veste.
336 602 586 644 Parthenius
616 602 670 644 de
702 602 867 643 Biblide
899 601 1021 642 Erot.
1057 612 1096 641 2.
1131 600 1202 651 τὴν
1237 601 1280 641 δὲ
1321 599 1398 652 ἄρα
1431 598 1509 640 ὑπὸ
1549 600 1618 639 τοῦ

152 670 302 715 πάθους
319 671 372 723 μὴ
399 672 607 724 ἆνιεμένην
626 670 722 725 πρὸς
741 671 783 712 δὲ
811 672 1006 711 δοκοῦσαν
1028 669 1158 709 αἰτίαν
1179 668 1320 722 Καύνῳ
1340 670 1410 718 τῆς
1430 667 1616 708 ἀπαλλα-

152 741 226 792 γῆς
244 739 509 793 ἀναψαμένην
529 741 607 781 ἇπό
626 756 731 783 τινος
750 738 861 792 δρυὸς
880 737 951 789 τὴν
969 737 1110 790 μίτραν
1127 737 1299 778 ἐνθεῖναι
1314 735 1386 777 τὸν
1401 733 1616 789 τράχηλον.

156 805 382 863 Sophocles
402 807 550 863 Antig.
573 818 694 849 1220.

554 899 612 905 —-
632 875 676 915 ἐν
696 875 740 915 δὲ
758 873 924 928 λοισθίῳ
945 873 1186 925 τυμβεύματι

382 943 454 995 τὴν
471 943 546 995 μὲν
566 941 787 995 κρεμαστὴν
808 940 977 995 αὐχένος
999 941 1228 992 κατείδομεν

385 1012 522 1066 βρόχῳ
542 1012 698 1062 μιτώδει
717 1010 898 1053 σινδόνος
920 1008 1185 1061 καθημμένην.

159 1079 381 1121 STANL.
413 1078 722 1130 ἀπαλλάξασθαι
742 1076 843 1118 Ald.

213 1149 313 1200 466.
348 1146 587 1203 μακιστῆρα]
621 1148 748 1200 λόγον
783 1147 938 1200 καρδίας
969 1145 1148 1198 δηκτικὸν
1177 1145 1474 1201 interpretatur
1505 1143 1621 1184 scho-

155 1215 295 1257 liasta:
342 1215 413 1271 qui
449 1230 531 1256 non
563 1214 806 1272 intelligitur
837 1213 1048 1271 quomodo
1076 1214 1268 1267 μακιστὴρ
1305 1213 1385 1254 dici
1423 1211 1620 1269 potuerit,

156 1282 271 1339 quod
310 1283 483 1340 longum
523 1298 749 1324 sermonem
790 1282 1020 1339 significare
1057 1298 1107 1324 ex
1150 1283 1267 1323 Pers.
1308 1282 1405 1337 698.
1448 1288 1620 1322 constat.

159 1353 294 1394 Recte
316 1351 521 1394 Stanleius
540 1355 795 1405 μαστικτῆρα.

214 1421 314 1473 468.
336 1421 418 1477 καὶ]
443 1421 503 1462 καὶ
523 1421 600 1472 μὴν
622 1422 686 1462 Μ.
710 1420 852 1463 Guelf.
877 1419 977 1461 Ald.
1000 1419 1111 1461 Rob.
1144 1419 1207 1460 καὶ
1225 1420 1300 1472 μὲν
1321 1419 1417 1460 Par.

214 1489 314 1544 469.
337 1488 750 1544 κακῶν-ἐπέρχεται]
774 1489 859 1530 Ηίο
879 1503 1020 1530 versus
1039 1487 1241 1529 delendus
1262 1486 1428 1528 videtur
1450 1484 1619 1527 Bothio.

214 1566 312 1609 471.
345 1556 548 1609 ἐσβέβηκε
569 1558 706 1598 Turn.
729 1557 872 1614 Steph.
906 1556 1077 1609 ἐσέβηκε
1098 1555 1201 1597 Ald.
1234 1555 1412 1608 ἐσέβηκα
1434 1555 1498 1595 M.
1522 1555 1620 1594 Par.

160 1623 271 1665 Rob.
294 1623 404 1665 unde
426 1624 632 1677 ἐσβέβηκα
654 1625 897 1666 Schuetzius
917 1636 1040 1666 recte.

217 1702 315 1746 474.
339 1693 532 1748 ὁμαίμοις]
558 1694 745 1746 ὁμαίμους
765 1692 911 1735 Guelf.
935 1692 1038 1735 Ald.
1061 1692 1172 1734 Rob.

218 1761 318 1813 478.
340 1759 370 1800 δ’
392 1775 474 1802 om.
498 1761 609 1802 Rob.

217 1827 314 1879 480.
345 1827 396 1868 σὺ
417 1827 506 1883 μὲν]
527 1828 674 1869 Lectio
694 1838 900 1885 corrupta.
932 1828 1057 1883 στεῖχ’
1081 1829 1150 1870 οὖν
1171 1827 1235 1869 vel
1259 1826 1308 1868 ἴθ’
1331 1827 1402 1868 οὖν
1424 1825 1624 1867 Schuetz-

160 1895 238 1936 ius.
317 1896 425 1936 Nam
456 1895 743 1952 imperativum
774 1897 951 1952 aliquem
982 1895 1167 1952 postulat
1195 1895 1310 1952 quod
1342 1893 1532 1951 sequitur
1566 1910 1621 1944 τε,

159 1962 215 2004 ab
237 1962 418 2004 Stanleio
437 1963 478 2004 in
499 1981 547 2017 γε
567 1973 786 2005 mutatum.

218 2032 318 2083 482.
340 2032 506 2086 ἄλλους]
531 2032 668 2072 ἄλλων
688 2033 784 2073 Par.

218 2100 317 2154 483.
337 2099 461 2155 τῆσδ’]
482 2104 563 2143 τοῖς
583 2099 615 2140 δ’
636 2100 747 2141 Rob.

218 2168 317 2219 486.
356 2167 497 2223 οἶκτος]
535 2169 805 2225 Corruptum.
849 2168 951 2212 εἰκὸς
991 2166 1255 2224 interpolavit
1291 2169 1429 2208 Turn.
1471 2166 1625 2220 οἰκτρὸς

163 2234 382 2276 Stanleius.

217 2316 315 2358 490.
346 2304 540 2346 Personae
574 2313 712 2345 notam
748 2320 832 2347 om.
866 2303 969 2345 Ald.
1032 2303 1174 2346 Choro
1212 2303 1448 2344 tribuerunt
1485 2304 1623 2344 Turn.

165 2370 325 2427 Steph.‚
347 2372 495 2412 Danao
516 2382 625 2413 recte
644 2373 757 2414 Rob.

219 2451 318 2491 491.
348 2439 554 2491 εὑρεθέντα
575 2441 800 2482 Porsonus.
833 2441 876 2482 εὖ
903 2440 1046 2494 ῥέοντα
1075 2440 1181 2481 libri.
1244 2439 1381 2480 Verba
1411 2448 1520 2480 recte
1550 2454 1622 2479 ex-

163 2503 309 2561 plicuit
337 2505 693 2558 VVordsworthus,
731 2510 804 2564 qui
839 2509 1047 2565 benignus
1083 2514 1122 2549 et
1154 2508 1392 2548 misericors
1426 2508 1625 2547 inventus

163 2579 238 2622 est,
258 2587 376 2630 quem
396 2574 618 2629 benignum
639 2582 678 2616 et
696 2577 999 2617 misericordem
1020 2576 1180 2632 eoeperti
1200 2590 1360 2616 sumus.

220 2641 412 2693 πρόξενον
446 2642 665 2683 Canterus.
715 2642 812 2694 πρὸς
851 2642 966 2694 ξένον
1005 2642 1110 2693 libri,
1149 2641 1224 2682 nisi
1261 2641 1376 2698 quod
1411 2641 1626 2694 πρόςξενον

165 2708 303 2748 Turn.
323 2707 396 2763 qui
418 2707 530 2751 haud
551 2708 677 2750 dubie
695 2712 887 2762 πρόξενον
908 2709 1054 2750 voluit.

221 2788 320 2829 494.
359 2775 507 2831 Inepte
541 2776 760 2832 repetitum
792 2778 1088 2830 πολισσούχων,
1121 2776 1235 2832 quod
1270 2776 1311 2817 in
1348 2775 1484 2817 locum
1520 2775 1626 2818 alius

162 2842 355 2898 adjectivi
383 2842 437 2884 ab
466 2842 633 2884 librario
663 2843 716 2884 ad
747 2843 996 2900 superiorem
1020 2859 1184 2884 versum
1215 2845 1435 2885 aberrante
1465 2842 1624 2884 illatum

163 2909 384 2952 videbatur
415 2911 601 2953 Butlero.
662 2910 923 2953 Probabilior
954 2910 1095 2952 Bothii
1128 2907 1364 2968 conjectura
1394 2920 1455 2952 est
1485 2926 1627 2953 versus

826 2993 854 3032 4
875 2992 908 3020 Η
932 2990 954 3019 2
