1962 3224
355 187 438 227 520
828 190 1322 233 ANNOTATIONES

352 295 559 348 γενέθλιον
580 298 690 339 δόσιν
710 298 1001 354 interpretatur
1020 300 1064 340 τὸ
1084 300 1278 353 ὂπτήριον,
1302 302 1561 358 reprehendit
1578 304 1790 346 Meursius

353 363 502 404 Exere.
524 363 626 405 Crit.
654 379 693 420 p.
718 378 755 408 2.
776 364 989 406 immerito.
1051 368 1214 408 Etenim
1245 383 1429 418 munera,
1457 385 1551 424 quae
1581 371 1789 425 spectandi

351 444 474 470 causa
492 429 657 481 dantur,
679 432 841 484 ὀπτήρια
859 432 937 473 dici
959 432 1054 474 satis
1073 443 1242 475 constat.
1295 435 1536 477 Callimachi
1557 436 1789 478 scholiastes

349 496 391 536 in
414 497 573 551 Hymn.
594 511 633 552 3,
653 506 720 550 74.
741 498 914 551 ὀπτήρια,
936 501 984 540 τὰ
1009 501 1104 552 ὑπὲρ
1131 504 1197 541 τοῦ
1226 503 1322 543 ἰδεῖν
1343 505 1456 554 δῶρα.
1518 504 1577 544 Et
1598 503 1710 559 quod
1730 504 1788 544 ita

352 573 586 619 nuncupata
604 563 758 605 fuerint
782 579 952 605 munera
976 566 1172 617 natalitia,
1194 567 1342 608 diserte
1370 568 1517 610 docent
1545 569 1671 624 ipsius
1692 569 1786 610 Cal-

349 629 510 671 limachi
530 631 666 682 verba,
688 630 759 687 qui
784 631 962 673 Dianam
991 632 1187 674 infantem
1217 649 1242 675 a
1270 643 1399 675 matre
1419 635 1582 677 Latona
1604 636 1787 677 Vulcano

349 696 525 738 oblatam
546 706 697 748 narrat,
721 706 766 739 ut
785 698 947 751 ὀπτήρια
966 698 1103 740 daret:

574 799 701 848 κοῦρα,
724 796 774 837 σὺ
789 797 831 837 δὲ
850 796 1021 849 προτέρω
1042 813 1126 850 περ,
1150 797 1205 838 ἔτι
1225 797 1418 850 τριέτηρος
1438 800 1559 841 ἐοῦσα

574 861 647 903 εὖτ’
670 862 812 913 ἔμολεν
831 864 943 914 Λητώ
962 879 1010 904 σε
1027 863 1108 914 μετ’
1127 865 1387 917 ἀγκαλίδεσσι
1407 865 1584 918 φέρουσα

571 928 797 982 Ἱ-Ιφαίστου
819 929 1026 973 καλέοντος
1045 930 1147 973 ὅπως
1166 930 1328 983 ὀπτήρια
1348 931 1443 982 δοίη.

346 1031 465 1073 Alias
484 1031 646 1085 ὀπτήρια
663 1031 859 1073 dicuntur
878 1034 926 1074 τὰ
947 1034 990 1074 ἐν
1010 1037 1089 1077 τοῖς
1115 1035 1463 1088 ἆνακαλυπτηρίοις
1482 1036 1662 1087 διδόμενα
1681 1040 1783 1090 δῶρα

346 1100 392 1155 τῇ
413 1100 541 1152 νύμφῃ
562 1106 664 1140 teste
685 1099 908 1154 Hesychio.
941 1095 1161 1141 STANL.

403 1167 444 1208 8.
475 1166 519 1207 τὸ
545 1168 696 1218 Φοίβης
720 1165 750 1207 δ’
772 1167 881 1219 ὄνομ’
902 1166 986 1221 ἔχει
1005 1167 1252 1222 παρώνυμον]
1275 1167 1515 1224 AEschylus,
1536 1169 1607 1224 qui
1628 1169 1783 1211 multus

343 1243 404 1275 est
422 1233 464 1274 in
486 1232 774 1289 paronomasiis
792 1233 1065 1284 observandis,
1081 1233 1171 1275 vult
1191 1234 1398 1276 Phoebum
1420 1243 1467 1276 ut
1485 1235 1710 1286 oraculum,
1725 1236 1782 1277 ita

343 1310 384 1341 et
404 1314 550 1341 nomen
570 1315 595 1341 a
615 1299 773 1340 Phoebe
792 1299 1004 1342 derivasse.
1049 1301 1212 1342 Latona
1231 1301 1337 1342 enim
1360 1302 1537 1343 Phoebes
1555 1302 1652 1353 filia,
1672 1302 1782 1344 filius

344 1361 518 1408 Latonae
554 1366 749 1408 Phoebus.
802 1370 952 1418 Φοῖβος
989 1367 1116 1423 igitur
1150 1369 1388 1420 παρωνύμως
1421 1369 1497 1410 ἀπὸ
1530 1372 1595 1420 τῆς
1627 1369 1781 1422 μάμμης

342 1435 507 1486 Φοίβης,
539 1443 587 1474 ut
619 1432 803 1489 loquitur
834 1433 1080 1474 Eustathius
1109 1449 1150 1489 p.
1178 1437 1246 1489 38,
1274 1446 1311 1476 2.
1344 1435 1421 1476 ἀπὸ
1447 1436 1597 1487 Φοίβης
1627 1435 1781 1488 μάμμης

343 1504 516 1551 νομικῶς,
547 1501 598 1543 ὡς
629 1499 829 1551 Ἡσίοδος,
860 1499 995 1555 inquit
1024 1499 1206 1556 Etymol.
1237 1515 1278 1556 p.
1310 1501 1408 1555 796,
1437 1503 1508 1555 56.
1568 1503 1704 1557 Negat
1734 1502 1778 1543 id

340 1577 448 1608 recte
477 1567 632 1608 dictum
665 1566 933 1622 Sylburgius:
976 1567 1105 1618 Φοίβη
1136 1568 1244 1607 enim
1276 1581 1359 1607 non
1392 1569 1492 1608 avia
1522 1568 1668 1609 Pkaebz·
1702 1575 1777 1620 est,

340 1634 488 1691 inquit,
509 1635 580 1676 sed
605 1635 675 1675 avi
695 1649 827 1684 soror,
848 1648 966 1674 soror
995 1634 1179 1675 videlicet
1206 1635 1402 1685 Saturni,
1430 1636 1533 1676 Coelv:
1562 1643 1600 1677 et
1632 1639 1778 1678 Terrae

323 1703 443 1757 filia,
464 1708 511 1743 ut
531 1701 799 1756 Apollodorus
826 1701 948 1741 initio
976 1700 1044 1747 lib,
1066 1713 1101 1741 1.
1131 1706 1170 1741 et
1188 1701 1415 1751 Hesiodus,
1441 1702 1598 1758 Theog.
1620 1718 1654 1743 v.
1686 1704 1777 1759 136.

339 1770 549 1810 memorioe
560 1769 854 1825 prodiderunt.
892 1768 998 1807 Haec
1015 1766 1084 1807 ille
1102 1767 1297 1808 adversus
1317 1768 1554 1810 sententiam
1575 1779 1775 1822 veterum,

339 1835 474 1876 minus
494 1843 615 1875 recte.
675 1833 834 1874 Phoebe
853 1833 960 1874 enim
982 1847 1063 1874 non
1084 1842 1244 1874 tantum
1264 1834 1329 1874 avi
1349 1849 1476 1885 soror,
1499 1835 1569 1875 sed
1589 1845 1630 1876 et
1657 1836 1773 1877 avia:

336 1902 403 1943 avi
423 1901 590 1958 quidem
609 1917 660 1943 ex
681 1910 795 1956 patre
815 1915 941 1950 soror,
962 1915 1012 1940 ex
1033 1909 1161 1941 matre
1180 1910 1317 1942 autem
1337 1900 1440 1942 avia.
1491 1901 1648 1943 Phoebe
1667 1902 1774 1944 enim

338 1978 467 2010 mater
501 1970 688 2020 Latonae,
726 1969 890 2009 Latona
924 1967 1085 2008 Phoebi.
1144 1968 1204 2008 Et
1244 1967 1308 2008 hic
1347 1967 1551 2009 notandus
1589 1978 1775 2010 veterum

339 2036 579 2077 Graecorum
614 2035 730 2085 ritus,
764 2043 809 2076 ut
846 2033 962 2075 liberi
1001 2033 1151 2075 scilicet
1189 2034 1469 2090 proximorum
1507 2045 1774 2090 cognatorum

336 2102 501 2144 nomina
523 2102 762 2158 acciperent.
822 2100 1120 2142 Demosthenes
1147 2109 1289 2142 contra
1309 2102 1500 2141 Boeotum
1531 2100 1583 2141 de
1612 2102 1774 2144 nomine

338 2171 399 2225 (p.
420 2170 560 2222 1002.)
580 2169 707 2219 Ἀξιοῖ
723 2169 765 2209 δὲ
786 2168 900 2211 αὐτὸς
920 2169 969 2211 ὣς
987 2168 1034 2219 δὴ
1059 2168 1322 2220 πρεσβύτερος
1347 2167 1402 2208 ὢν
1429 2167 1580 2219 τοῦνομ’
1603 2168 1711 2221 ἔχειν
1729 2169 1774 2209 τὸ

335 2239 404 2276 τοῦ
432 2235 529 2288 πρὸς
557 2235 702 2287 πατρὸς
730 2234 899 2276 πάππου.
930 2235 990 2275 Et
1015 2233 1115 2276 ibid.
1140 2235 1197 2289 (p.
1220 2235 1359 2286 1004.)
1375 2232 1493 2274 Ἔστι
1513 2232 1544 2274 δ’
1566 2235 1587 2274 ὁ
1608 2235 1774 2279 Βοιωτὸς

337 2303 513 2355 ἀδελφοῦ
532 2304 597 2352 τῆς
616 2302 751 2342 τούτου
770 2300 912 2352 μητρὸς
930 2301 1063 2351 ὄνομα·
1095 2299 1226 2351 ἐπειδὴ
1246 2300 1289 2340 δὲ
1312 2298 1486 2352 εἰσάγειν
1504 2301 1525 2340 ὁ
1545 2300 1670 2353 πατὴρ
1689 2302 1774 2344 τού-

335 2385 424 2411 τους
443 2368 888 2421 ἠναγκάζετο--οὕτω
915 2369 1051 2407 τοῦτον
1081 2366 1231 2419 εἰσάγει
1251 2367 1432 2407 Βοιωτόν.
1491 2367 1597 2408 Vide
1625 2375 1666 2409 et
1693 2370 1774 2410 Po-

333 2435 514 2491 lyaenum
537 2436 712 2489 Strateg.
734 2435 773 2484 6,
796 2435 836 2474 6.
896 2432 978 2483 Qui
997 2432 1100 2474 ritus
1126 2448 1150 2473 a
1172 2432 1330 2474 Graecis
1355 2432 1408 2473 ad
1428 2434 1638 2475 Romanos
1662 2434 1770 2476 deri-

334 2509 454 2543 vatus
473 2511 547 2543 est.
608 2500 828 2542 Suetonius
846 2498 889 2540 in
910 2501 1063 2540 Neron.
1084 2514 1173 2555 cap.
1195 2501 1233 2540 6.
1258 2500 1663 2555 Futuraefilz'citatis
1681 2503 1772 2558 sig-

333 2583 434 2609 num
463 2568 628 2609 evidens
656 2567 823 2608 lustrico
852 2567 918 2607 die
949 2567 1120 2607 exstitit.
1178 2567 1295 2607 Nam
1331 2566 1380 2608 C.
1407 2567 1562 2617 Caesar,
1596 2574 1772 2624 rogante

333 2649 486 2686 sorore,
511 2641 559 2676 ut
586 2634 746 2689 irgfanti
775 2634 812 2674 ei
840 2633 947 2689 quod
975 2632 1091 2674 vellet
1119 2646 1263 2673 nomen
1291 2634 1423 2682 daret,
1453 2635 1618 2675 intuens
1645 2635 1771 2676 Clau.

333 2703 461 2752 dium,
491 2703 580 2757 qjus
608 2701 710 2742 dare
736 2714 780 2741 se
806 2700 926 2740 dimit.
976 2699 1222 2741 Eustathius
1250 2714 1290 2756 p.
1317 2698 1416 2754 581,
1444 2712 1486 2754 3.
1516 2702 1770 2743 Παλαίτατον

334 2770 423 2813 ἔθος
440 2769 490 2820 ἣν
509 2768 597 2811 τοὺς
617 2768 803 2820 ἐγγόνους
830 2769 1036 2807 καλεῖσθαι
1061 2770 1140 2810 τοῖς
1167 2770 1245 2808 τῶν
1263 2766 1431 2808 πάππων
1451 2768 1626 2819 ὀνόμασι.
1686 2769 1766 2809 Ve-

332 2851 425 2877 rum
445 2835 534 2876 haec
554 2833 778 2888 AEschylea
797 2832 945 2873 Phoebi
964 2831 1211 2889 etymologia
1228 2847 1311 2875 non
1337 2833 1469 2890 placet
1489 2833 1699 2876 Heraclidi
1724 2834 1768 2875 in

333 2901 553 2957 Allegoriis
574 2899 815 2942 Homericis.
849 2899 1068 2941 STANL.
