1962 3224
379 202 470 244 642
667 205 976 246 ADDENDA
1009 207 1091 247 ET
1125 207 1551 250 CORRIGENDA.

449 317 498 356 P.
517 317 611 368 462.
638 331 674 357 ν.
692 326 791 371 374.
824 317 985 358 Chorus
1014 316 1219 358 Electram
1250 319 1434 374 castigat,
1465 319 1579 375 quod
1609 319 1741 360 nimiis
1770 320 1829 361 in-

392 382 575 437 dulgeat,
596 390 738 438 optare
758 383 863 424 enim
885 383 1050 440 quidem
1072 399 1157 424 eam
1181 399 1308 440 posse.
1346 385 1514 426 Praeivit
1531 387 1657 427 Hom.
1677 387 1757 427 Od.
1776 391 1826 436 Δ,

395 448 492 500 827.
512 450 609 499 Τοίη
629 449 704 502 γάρ
725 451 762 490 οἱ
780 450 932 501 πομπὸς
959 449 1020 501 ἅμ’
1044 451 1212 502 ἔρχεται,
1235 452 1326 502 ἥντε
1357 453 1418 493 καὶ
1439 453 1557 493 ἄλλοι
1578 453 1711 505 ἀνέρες
1739 453 1830 506 ἠρή-

393 532 516 556 σαντο
545 516 846 569 παρεστάμεναι,
869 518 1027 558 δύναται
1055 521 1143 569 γᾶρ,
1170 520 1337 560 Παλλὰς
1355 517 1554 569 ’Λθηναίη.
1617 519 1668 560 Il.
1690 524 1736 566 E,
1761 530 1826 573 25.

391 583 629 637 Τηλέμαχον
659 586 700 624 δὲ
732 584 782 625 σὺ
810 584 970 636 πέμψον
1001 583 1276 634 ἐπισταμένως,
1309 585 1471 625 δύνασαι
1490 585 1577 638 γάρ.
1631 586 1698 627 Cf.
1719 588 1824 627 Eur.

395 649 492 704 Iph.
507 650 562 690 T.
581 652 648 691 62.
670 654 739 691 νῦν
754 652 823 691 οὖν
843 652 1002 705 ἀδελφῷ
1018 652 1212 702 βούλομαι
1233 654 1366 692 δοῦναι
1384 654 1480 704 χοὰς
1499 652 1659 705 παροῦσ’
1679 654 1826 702 ἀπόντι,

392 720 513 757 ταῦτα
532 720 607 769 γὰρ
628 717 820 768 δυναίμεθ’
838 717 897 757 ἄν.
931 717 1120 757 ΒΑΜΒ.

450 784 501 823 Ρ.
523 784 621 834 464.
651 798 689 824 v.
719 797 817 838 399,
841 789 875 824 8.
907 783 1035 824 adde:
1079 783 1250 824 Rectius
1285 784 1586 838 Bambergerus
1624 789 1752 827 Κλῢτε
1787 786 1830 827 δέ

393 865 463 898 τοι,
485 851 655 902 χθονίων
675 852 835 900 τιτῆναι,
855 849 931 890 nisi
952 849 1063 904 quod
1085 853 1200 890 κλῦτε
1229 849 1319 890 τάδε
1347 864 1441 890 cum
1470 850 1713 891 Blomfieldo
1733 853 1828 892 scri-

392 915 589 956 bendum.

647 998 684 1023 v.
705 985 803 1035 406,
835 995 872 1023 2.
907 983 1049 1023 Versui
1079 983 1370 1039 antistrophico
1397 993 1583 1025 accurate
1612 984 1830 1039 respondet

393 1048 653 1100 φθινομένων,
671 1049 782 1104 quod
804 1050 976 1105 conjecit
994 1050 1225 1090 Ahrensius
1243 1049 1284 1090 in
1302 1051 1485 1091 Censura
1504 1050 1690 1091 editionis
1707 1053 1830 1092 Bam-

392 1115 554 1169 bergeri
575 1114 615 1154 in
637 1115 752 1156 Diar.
776 1115 945 1156 Halens.
967 1131 1004 1156 a.
1023 1117 1143 1167 1841.
1165 1116 1247 1157 vol.
1271 1130 1303 1157 Ι.
1326 1132 1364 1172 p.
1385 1131 1481 1173 543.

449 1182 498 1222 P.
519 1183 615 1236 465.
641 1197 676 1222 v,
697 1183 937 1236 423—428.
956 1183 1352 1238 Hos—Muellerus]
1373 1186 1609 1239 423—428.
1629 1185 1718 1225 Hos
1736 1199 1827 1226 ver-

392 1262 460 1288 sus
479 1248 616 1298 choro,
637 1261 877 1304 429—433.
901 1250 1078 1291 Electrae
1100 1250 1242 1291 tribuit
1263 1251 1504 1292 Muellerus.

637 1331 675 1356 v.
695 1328 792 1370 423.
827 1316 961 1357 Locus
980 1317 1120 1358 multis
1149 1318 1280 1359 modis
1300 1325 1479 1359 tentatus
1508 1317 1638 1358 lucem
1668 1317 1826 1372 accipit,

391 1382 423 1423 si
442 1382 635 1423 aoristum
660 1383 788 1436 ἔκοψα
808 1383 1002 1439 temporis
1021 1384 1232 1440 praesentis
1262 1384 1551 1440 significatione
1570 1384 1648 1425 dici
1678 1384 1826 1426 intelli-

390 1457 528 1505 gatur,
549 1459 596 1490 ut
611 1450 759 1491 chorus
774 1450 1100 1492 lamentationem
1121 1451 1335 1499 describat,
1353 1466 1476 1506 quam
1497 1466 1545 1491 eo
1564 1451 1653 1506 ipso
1673 1460 1826 1506 tempo-

390 1517 445 1557 ris
473 1526 679 1557 momento
707 1525 800 1572 post
831 1517 986 1558 Orestis
1016 1527 1057 1558 et
1084 1518 1262 1559 Electrae
1296 1517 1600 1558 lamentationes
1627 1516 1825 1558 instituat.

391 1584 458 1624 De
477 1583 667 1638 praesenti
683 1593 818 1624 autem
841 1583 1007 1640 planctu
1028 1584 1162 1626 locum
1184 1584 1489 1640 intelligendum
1511 1598 1609 1633 esse,
1629 1583 1826 1639 interpre—

388 1660 448 1691 tes
477 1665 641 1691 monere
667 1660 828 1705 poterat
853 1666 1031 1706 praesens
1052 1653 1248 1704 ἐπιρροθεῖ
1273 1666 1309 1691 ν.
1332 1660 1429 1703 427,
1450 1664 1544 1705 quae
1565 1658 1625 1691 est
1643 1650 1826 1691 omnium

387 1717 584 1758 librorum
618 1717 759 1765 lectio;
795 1717 1016 1772 quominus
1044 1717 1353 1773 intelligeretur,
1383 1717 1518 1757 offecit
1552 1731 1634 1757 una
1664 1732 1743 1757 vox
1777 1716 1828 1768 ἤν

388 1799 426 1824 v.
447 1794 546 1838 425.
570 1783 636 1824 cui
656 1783 843 1824 mendam
863 1784 1041 1840 aliquam
1062 1784 1191 1825 inesse
1211 1785 1330 1825 etiam
1359 1784 1598 1824 antecedens
1627 1783 1827 1838 particula

390 1850 434 1891 δέ
453 1850 664 1891 ostendere
684 1859 858 1906 poterat,
878 1866 1003 1906 quam
1033 1851 1203 1891 fuerunt
1222 1850 1295 1906 qui
1324 1850 1365 1890 in
1392 1867 1434 1891 τε
1461 1858 1679 1892 mutarent.
1737 1852 1826 1891 Nos

389 1932 470 1957 non
502 1916 738 1957 dubitamus
767 1917 867 1971 quin
897 1932 993 1958 vera
1011 1917 1130 1958 lectio
1153 1917 1204 1958 sit
1233 1916 1498 1968 πολυπλάνητ’
1519 1917 1615 1968 ἄδην
1644 1918 1750 1968 ἰδεῖν,
1772 1933 1824 1959 sc.

390 1986 488 2025 ἐστι.
535 1986 728 2025 Ceterum
763 1985 935 2040 dignum
970 1994 1030 2026 est
1063 1985 1176 2040 quod
1208 1993 1467 2040 comparetur
1498 1998 1658 2024 carmen
1695 1984 1824 2040 Soph.

388 2051 461 2106 Aj.
484 2052 578 2105 678.
595 2066 683 2106 sqq.
705 2051 819 2106 quod
838 2062 879 2092 et
906 2052 1040 2108 ipsum
1068 2067 1160 2092 cum
1192 2051 1402 2092 saltatione
1424 2051 1617 2107 junctum
1648 2051 1826 2092 numeris

388 2117 587 2159 similibus
616 2118 796 2159 decurrit
824 2126 866 2160 et
894 2119 1028 2174 primo
1055 2133 1096 2159 v.
1118 2118 1287 2159 similem
1317 2117 1509 2158 orationis
1537 2117 1823 2158 conformatio-

386 2199 479 2225 nem
500 2184 646 2226 habet:
670 2184 826 2238 ’Έφριέ
850 2186 972 2238 ἔρωτι,
995 2186 1203 2239 περιχαρὴς
1223 2184 1252 2226 δ’
1275 2185 1509 2235 ἆνεπτόμαν.
1541 2185 1729 2225 ΒΑΜΒ.
1751 2184 1823 2239 qui

386 2267 424 2291 v.
445 2252 683 2307 423—428.
705 2251 844 2300 choro,
873 2265 956 2305 429
981 2253 1043 2305 (ἰὼ
1074 2251 1337 2305 &ano—433.
1368 2250 1561 2300 Electrae,
1582 2263 1822 2305 439—443.

387 2318 526 2368 choro,
572 2328 813 2372 444—450.
856 2317 1015 2371 (τοιαῦτ’
1056 2318 1204 2358 ἀκούων
1239 2319 1282 2358 ἐν
1327 2318 1469 2370 φρεσὶν
1506 2317 1660 2369 γράφου
1695 2338 1725 2356 υ
1756 2320 1820 2371 η.)

386 2384 578 2432 Electrae,
599 2395 696 2437 451.
722 2383 784 2433 (δι’
811 2385 918 2424 ὤτων
948 2383 978 2424 δ’
1001 2384 1251 2438 ἔσω-455.
1282 2384 1406 2424 choro
1435 2383 1591 2424 tribuit.
1651 2384 1822 2425 Rectius

388 2450 618 2492 Ahrensius
647 2451 686 2490 in
710 2452 894 2491 Censura
912 2466 952 2506 p.
971 2460 1066 2505 543,
1089 2450 1236 2506 partim
1257 2465 1349 2491 curn
1372 2450 1539 2506 vulgata
1558 2465 1820 2506 personarum

386 2517 655 2574 descriptione
693 2517 960 2568 consentiens,
1002 2533 1041 2558 v.
1081 2529 1162 2572 423
1171 2530 1317 2572 —433.
1358 2516 1546 2566 Electrae,
1582 2517 1820 2571 434—438.

387 2584 536 2634 Oresti,
556 2598 796 2640 439——443.
817 2584 952 2634 choro,
975 2594 1169 2638 444—-45
1173 2594 1211 2638 5.
1236 2584 1408 2625 Electrae
1428 2583 1583 2624 tribuit.

444 2653 492 2691 P.
514 2653 610 2702 466.
635 2667 670 2691 v.
692 2662 788 2705 427.
810 2650 938 2705 recte]
963 2650 1173 2691 Deleatur.

628 2733 665 2759 v.
687 2730 785 2772 429.
807 2717 1004 2758 Deleatur
1023 2717 1241 2757 annotatio.

632 2800 667 2824 v.
689 2797 930 2838 439—443.
954 2784 1091 2824 Choro
1111 2783 1357 2824 tribuantur.

442 2854 491 2893 P.
511 2855 608 2905 467.
630 2867 670 2892 v.
691 2861 928 2906 444-455.
952 2850 1109 2904 Choro]
1130 2850 1306 2890 Electrae

629 2935 668 2959 v.
689 2931 787 2972 449.
811 2917 1030 2971 Dobraeus]
1052 2917 1256 2958 Dobraeus
1276 2925 1394 2956 recte.

1926 3154 1941 3224 *nrt
1934 3114 1941 3149 ..v-

1950 3207 1962 3224 ευ.
1955 3180 1959 3185 «
