1962 3224
362 209 448 248 382
835 202 1254 250 ΑΝΝΟΤΑΤΪΟΝ
1258 209 1328 250 Es

362 306 482 347 rietes
500 307 616 347 fumo
633 306 864 362 nigrantur,
889 307 1051 362 justitia
1075 316 1210 348 tamen
1234 306 1492 348 dominorum
1513 306 1659 346 decoro
1679 306 1720 346 in
1749 306 1797 347 iis

362 372 515 414 lumine
545 372 744 428 splendet,
766 373 895 429 iisque
916 373 1111 414 veriorem
1132 388 1179 413 ac
1198 372 1487 413 durabiliorem
1512 371 1675 412 laudem
1703 386 1797 413 con-

363 437 485 480 ciliat.
518 440 648 479 SCH.

421 507 515 559 776.
536 504 775 558 χρυσόπαστ’
801 506 854 545 Τ.
885 505 1140 558 χρυσόπαστα
1161 504 1191 545 δ’
1214 504 1350 559 vulgo.

422 572 563 626 ἐσθλὰ]
586 571 729 611 Lectio
750 580 947 626 suspecta.
998 571 1064 611 De
1085 572 1227 611 ἔδεθλα
1247 570 1439 625 cogitavit
1461 571 1661 616 Amanus,
1684 569 1797 625 quod

362 651 444 677 non
466 647 609 693 aptum
631 645 760 678 metro
780 646 852 678 est.

418 705 517 758 πίνῳ
546 704 688 758 χερῶν]
717 705 871 744 Contra
901 703 1063 755 καθαραὶ
1091 706 1220 756 χεῖρες
1248 702 1295 742 iis
1324 702 1563 743 tribuuntur
1582 701 1654 757 qui
1684 701 1798 742 nullo

362 768 529 809 crimine
548 769 695 824 polluti
716 778 822 809 sunt.
856 770 1033 809 Eumen.
1053 770 1149 822 318.
1170 768 1238 809 τὸν
1256 769 1329 819 μὲν
1350 770 1517 820 καθαρὰς
1545 772 1678 822 χεῖρας
1707 785 1799 820 προ-

364 835 528 887 νέμοντ’.
579 835 784 876 Herodot.
811 849 846 884 Ι,
863 845 931 889 35.
953 835 1132 887 συμφορῇ
1164 835 1363 886 ἐχόμενος,
1384 834 1444 874 καὶ
1465 834 1508 874 οὐ
1530 834 1694 886 καθαρὸς
1713 838 1796 887 χεῖ-

362 918 432 952 ρας
452 902 539 942 ε’ών.
572 901 821 956 Metaphora
842 909 976 941 sumta
996 915 1018 940 a
1039 899 1227 939 manibus
1244 909 1337 939 ante
1353 914 1464 939 sacra
1479 899 1674 941 lavandis,
1708 899 1798 940 Vid.

363 956 617 1007 Valck'enaer.
652 967 704 1007 de
740 966 843 1007 Ritu
879 967 909 1006 J
915 965 1024 1020 urisj.
1059 965 1100 1005 in
1136 966 1290 1020 Opusc.
1325 965 1474 1006 Theol.
1515 968 1721 1006 Bremens.
1764 979 1797 1005 Ι.

362 1047 402 1087 p.
421 1044 513 1087 203.
537 1034 685 1073 Horat.
708 1046 741 1073 1.
766 1034 805 1073 S.
822 1045 865 1084 4,
885 1033 951 1073 68.
974 1037 1018 1072 at
1037 1032 1133 1072 bene
1146 1033 1184 1073 si
1200 1032 1294 1087 quis
1312 1033 1374 1073 Et
1394 1033 1511 1072 vivat
1526 1033 1650 1087 puris
1669 1032 1801 1072 mam·-

362 1100 450 1140 bus.
483 1100 712 1140 BLOMF.

422 1166 517 1218 778.
548 1166 827 1218 παλιντρόποις
858 1164 1020 1219 ὄμμασι]
1042 1164 1213 1205 Aversis
1233 1165 1371 1205 oculis.
1423 1164 1567 1220 Suppl.
1603 1175 1694 1216 172.
1731 1166 1800 1204 νῦν

365 1232 467 1285 ἔχων
496 1231 947 1284 παλίντροπον-Ὄφιν
977 1233 1020 1271 ἐν
1049 1235 1234 1271 λιταῖσιν.
1285 1232 1455 1271 Homer.
1489 1230 1607 1271 Iliad.
1638 1234 1678 1270 Γ.
1700 1240 1799 1282 427.

363 1299 464 1338 ὄσσε
483 1296 604 1338 πάλιν
626 1299 804 1338 κλίνασα.
857 1299 967 1352 Opes
986 1297 1091 1338 male
1111 1299 1250 1353 partas
1267 1299 1297 1338 J
1302 1297 1435 1338 ustitia
1459 1312 1509 1338 ne
1530 1297 1689 1352 respicit
1709 1298 1799 1353 qui-

363 1362 472 1403 dem.
518 1362 721 1403 stanleius
739 1363 897 1403 confert
921 1363 1057 1404 Esaiae
1086 1379 1121 1404 c.
1149 1378 1184 1413 1,
1211 1375 1273 1418 15.
1306 1364 1532 1404 BLOMF.
1594 1365 1699 1404 Ante
1728 1381 1799 1404 πα-

362 1430 585 1481 λιντρόποις
605 1428 699 1470 duae
720 1428 1003 1470 desiderantur
1023 1429 1202 1485 syllabae.

421 1505 517 1549 779.
541 1496 691 1536 Versus
713 1510 792 1535 non
813 1495 983 1551 integer.
1033 1496 1286 1536 Trimetrum
1309 1495 1519 1536 restituere
1541 1495 1631 1536 licet
1649 1495 1802 1536 adscita

364 1561 595 1602 Hermanni
626 1562 860 1616 conjectura
898 1562 1140 1614 προσέβαλε,
1172 1564 1318 1614 ὄμμασι
1349 1561 1504 1602 λιποῦσ’
1536 1563 1628 1602 ὅσια
1661 1561 1802 1614 προσέ-

362 1632 468 1679 βαλε
489 1630 650 1679 δύναμιν
670 1628 785 1668 οὗ-.

420 1694 516 1746 780.
548 1694 877 1749 δύναμιν-αἴνῳ]
903 1695 1137 1735 Potentiam
1168 1695 1415 1735 divitiarum
1449 1695 1653 1749 vituperio
1683 1699 1799 1734 nota-

364 1765 464 1810 tam,
482 1758 510 1799 i.
531 1775 567 1800 e.
589 1759 704 1800 malis
732 1760 890 1800 artibus
909 1761 1138 1815 quaesitam,
1159 1761 1326 1800 ‘mi-nime
1355 1761 1498 1802 colens.
1560 1762 1628 1801 Ita
1654 1760 1802 1801 rectius

364 1835 512 1876 vertas,
530 1841 654 1881 quam
676 1841 768 1867 cum
792 1826 998 1867 Heathio:
1030 1827 1221 1867 laudibus
1239 1827 1435 1867 celebrari
1453 1828 1629 1868 solitam.
1655 1828 1786 1868 SCH.

422 1894 515 1946 782.
539 1895 639 1934 Post
659 1893 768 1933 hunc
789 1908 951 1934 versum
971 1893 1014 1933 in
1034 1908 1191 1934 scenam
1213 1893 1349 1948 prodit
1371 1895 1674 1948 Agamemnon.

423 1961 518 2015 783.
548 1960 772 2014 πολίπορθ’]
806 1960 1032 2013 πτολίπορθ’
1064 1959 1348 2009 Blomfieldus,
1370 1975 1464 2014 quae
1493 1960 1625 2000 forma
1652 1959 1803 2015 legitur
1829 1961 1837 1966 ”

364 2027 405 2067 in
437 2027 551 2068 libris
580 2042 618 2068 v.
639 2038 738 2082 473,
762 2037 802 2068 et
828 2037 937 2068 recte
965 2028 1147 2068 fortasse.
1206 2027 1338 2083 Epica
1365 2027 1497 2071 forma
1525 2039 1597 2068 aut
1628 2035 1802 2082 utroque

364 2093 452 2135 loco
470 2103 543 2135 aut
562 2102 709 2135 neutro
729 2103 789 2134 est
809 2093 1053 2150 recipienda.

422 2162 515 2215 785.
539 2161 697 2215 σεβίζω]
718 2163 863 2212 σεβίξω
885 2160 951 2201 Fl.
980 2175 1030 2200 ex
1055 2159 1288 2215 conjectura
1314 2158 1465 2200 librarii
1496 2159 1803 2214 subjunctivum

363 2227 500 2268 aoristi
521 2226 776 2282 requirentis.

422 2293 516 2346 789.
554 2292 817 2346 παραβάντες]
853 2293 1164 2343 παραβαίνοντες
1196 2291 1432 2341 Triclinius,
1457 2306 1578 2346 quem
1612 2292 1804 2332 catalexis

363 2358 459 2414 plus
493 2358 614 2399 semel
650 2358 832 2408 offendit,
869 2372 964 2397 nam
997 2357 1038 2397 in
1073 2373 1110 2398 v.
1143 2369 1239 2411 792.
1274 2357 1440 2413 corrigit
1471 2363 1802 2411 προσεφικνεῖται.

365 2425 594 2466 BLOMF.
644 2424 771 2464 Adde
790 2438 827 2464 v,
851 2424 945 2474 804.
969 2423 1066 2463 806.
1092 2436 1214 2477 1491.
1242 2436 1361 2477 1493.
1388 2436 1509 2477 1540.

422 2501 517 2545 791.
559 2493 684 2543 δῆγμα
717 2491 772 2530 Τ.
807 2498 848 2530 et
888 2489 1076 2530 Stobaeus
1119 2489 1227 2529 Flor.
1266 2501 1358 2538 112,
1396 2502 1461 2532 12.
1494 2492 1632 2542 δεῖγμα
1667 2489 1804 2545 vulgo.

365 2558 524 2598 Locum
548 2566 655 2597 recte
674 2555 871 2611 explicuit
893 2557 950 2596 H.
968 2555 1214 2611 Stephanus,
1230 2570 1366 2597 omnes
1386 2557 1442 2596 ad
1460 2557 1803 2612 illacrymaudum

363 2625 513 2665 alienis
542 2623 789 2678 iusbrtuniis
818 2636 902 2663 esse
924 2628 1100 2678 paratos
1113 2640 1127 2669 ‚·
1158 2623 1230 2663 sed
1254 2624 1316 2664 ita
1340 2630 1387 2664 ut
1411 2624 1581 2665 doloris
1609 2625 1806 2664 medullas

364 2704 503 2731 eorum
522 2704 606 2731 uon
626 2689 822 2730 mordeat.

423 2766 517 2811 793.
539 2756 602 2797 καὶ
621 2754 914 2810 ξυγχαίρουσιν]
936 2755 998 2796 καὶ
1019 2755 1125 2796 νυκτὶ
1145 2756 1187 2796 δὲ
1206 2757 1412 2809 χαίρουσιν
1434 2757 1637 2807 Stobaeus,
1653 2755 1804 2796 vitiose.

366 2822 592 2862 Manifesto
617 2821 928 2876 conjunguntur
960 2821 1157 2872 homines,
1186 2822 1258 2878 qui
1291 2823 1518 2864 ridentibus
1544 2823 1737 2863 adrident
1763 2832 1806 2871 et

347 2887 554 2944 flentibus
569 2887 736 2942 adflent,
756 2887 828 2942 qui
858 2886 991 2942 parati
1020 2897 1116 2928 sunt
1142 2891 1194 2942 τῷ
1222 2892 1506 2941 δυσπραγοῦντι
1536 2888 1806 2942 ἐπιστενάχειν
