1962 3224
420 181 504 222 572
895 181 1387 224 ANNOTATIONES

592 291 654 331 καὶ
675 291 826 342 Μοίρας
846 291 908 331 καὶ
928 292 1057 342 Κῆρας
1078 291 1254 342 ἐγείνατο
1275 291 1562 342 νηλεοποίνους.

423 356 532 396 Cum
554 370 638 411 quo
657 371 776 397 versu
798 371 1005 412 compares
1026 371 1149 411 supra
1169 371 1206 396 v.
1225 369 1320 410 321.
1353 357 1597 397 WAKEF.

481 423 577 476 963.
609 422 958 477 δαίμονες-θεῶν]
991 423 1096 463 Haec
1127 422 1323 464 sententia
1344 423 1491 464 mirum
1522 422 1563 463 in
1594 421 1760 463 modum
1781 420 1854 461 ob-

423 498 609 529 scuratur
637 488 965 545 interpunctione
996 489 1168 544 vulgari,
1190 504 1273 544 qua
1302 498 1393 545 post
1421 491 1633 542 ἐπιβριθεῖς
1658 495 1857 529 commate

423 554 704 610 distinguitur,
726 555 837 611 quod
859 565 995 596 autem
1017 557 1201 611 sequitur
1222 557 1383 599 ἐνδίκοις
1403 557 1569 608 ὁμιλίαις
1588 570 1680 596 cum
1712 553 1856 594 ultimo

424 621 620 662 versiculo
637 622 913 677 conjungitur.
975 623 1067 662 Imo
1084 636 1242 662 comma
1269 631 1362 679 post
1391 624 1602 675 ἐπιβριθεῖς
1630 620 1856 662 tollendum

423 703 469 728 ac
498 698 591 744 post
619 690 780 731 ἐνδίκοις
810 690 978 741 ὁμιλίαις
1009 688 1166 744 plenius
1186 688 1519 744 distinguendum
1540 697 1614 729 est.
1674 689 1766 738 Qua
1794 701 1857 727 ra-

424 754 534 795 tione
568 764 726 795 servata
764 770 904 795 sensus
940 755 1068 795 oritur
1104 754 1356 810 aptissimus:
1396 757 1433 795 0
1461 755 1545 795 deae
1568 754 1785 809 justitiam
1819 758 1858 793 et

421 821 562 877 legam
595 823 777 877 rigorem
809 827 949 862 sancte
977 822 1251 871 observantes,
1285 835 1441 862 omnem
1469 821 1632 861 domum
1660 834 1711 860 ειν
1739 833 1857 875 aequo

422 888 660 936 invisentes,
685 886 783 939 (scil.
806 887 858 927 ab
878 887 987 927 omni
1008 888 1184 943 partium
1208 887 1343 928 studio
1362 902 1529 942 prorsus
1547 886 1704 938 alienae)
1725 886 1855 926 omni-

424 968 500 1009 que
520 960 697 1009 tempore
710 955 835 1007 justo
855 967 1018 994 accessu
1037 955 1255 1004 irruentes,
1275 955 1442 994 omnino
1471 959 1606 994 autem
1636 951 1859 993 honoratis-

423 1019 534 1060 simae
554 1020 738 1060 dearum.
780 1020 848 1061 Cf.
870 1035 994 1075 supra
1013 1035 1050 1060 V.
1072 1033 1168 1074 312.
1185 1035 1276 1075 sqq.
1309 1021 1438 1061 SCH.
1483 1019 1683 1060 Deleatur
1701 1032 1859 1060 comma

422 1097 515 1142 post
536 1088 759 1139 ἐπιβριθεῖς,
781 1096 959 1142 ponatur
978 1096 1069 1142 post
1090 1087 1267 1137 ὁμιλίαις.
1399 1117 1402 1121 ·

480 1155 576 1207 964.
597 1153 831 1208 μετάκοινοι]
851 1153 1076 1206 μεγάκοινοι
1095 1154 1162 1194 Μ.
1187 1154 1282 1193 Par.
1305 1153 1405 1194 Ald.
1426 1153 1534 1194 Rob.

481 1221 577 1274 967.
595 1220 736 1274 παντᾶ]
757 1220 885 1261 πάντα
904 1219 1007 1260 libri.

480 1297 576 1339 970.
597 1285 766 1339 πειθοῦς]
789 1285 1056 1326 Scribendum
1078 1289 1246 1328 Πειθοῦς
1264 1285 1381 1327 litera
1401 1286 1635 1341 majuscula.

481 1361 577 1406 973.
611 1351 708 1395 Ζεὺς
737 1350 939 1406 ἀγοραῖος]
972 1351 1215 1406 Epithetum
1236 1352 1514 1408 compluribus
1533 1351 1610 1392 diis
1629 1365 1858 1400 commune,

423 1426 511 1458 tum
542 1416 748 1473 praecipue
777 1417 839 1468 iis,
862 1417 934 1473 qui
961 1418 1082 1458 rebus
1114 1418 1340 1459 forensibus
1366 1428 1406 1460 et
1432 1418 1635 1460 facundiae
1661 1426 1859 1473 praesunt‚

423 1498 508 1539 quo
528 1498 646 1524 sensu
677 1483 729 1524 de
752 1484 860 1524 Jove
889 1483 1197 1539 intelligendum
1228 1485 1305 1525 hoc
1334 1486 1436 1526 loco.
1486 1483 1672 1532 Accedit,
1693 1483 1806 1538 quod
1835 1498 1860 1524 a

423 1549 650 1591 Plutarcho
670 1551 720 1591 de
747 1550 868 1605 genio
890 1550 1065 1591 Socratis
1086 1561 1306 1602 narratum,
1327 1565 1473 1607 nempe
1498 1549 1673 1591 Socratis
1702 1558 1858 1604 patrem

423 1616 601 1658 Oraculo
631 1617 830 1657 monitum
862 1616 999 1667 fuisse,
1030 1626 1076 1657 ut
1106 1632 1216 1658 sacra
1242 1617 1391 1658 faceret
1422 1619 1519 1670 ὑπὲρ
1548 1617 1664 1657 αὐτοῦ
1695 1617 1859 1671 (nempe

421 1698 499 1739 pro
518 1682 602 1723 filio
622 1697 759 1723 recens
778 1683 891 1733 nato)
917 1682 984 1722 Διὶ
1004 1682 1173 1737 ἀγοραίῳ
1194 1683 1256 1723 καὶ
1275 1684 1464 1725 Μούσαις.
1498 1683 1627 1725 SCH.

481 1758 576 1803 974.
607 1749 764 1801 ἆγαθῶν
783 1748 877 1802 ἔρις]
909 1748 1123 1789 contentio
1152 1749 1362 1798 bonorum,
1382 1748 1408 1790 i.
1429 1764 1464 1790 e.
1484 1759 1687 1791 certamen
1719 1759 1856 1791 utrum

424 1814 616 1856 Minerva
635 1830 685 1855 an
707 1814 960 1855 Eumenides
980 1814 1099 1870 plura
1117 1815 1159 1855 in
1179 1815 1383 1857 civitatem
1402 1815 1509 1856 bona
1528 1817 1749 1857 conferant.

481 1893 576 1936 977.
599 1882 829 1935 ἐπεύχομαι]
853 1882 1071 1934 ἀπεύχομαι
1092 1883 1188 1923 Par.
1220 1883 1436 1935 ἐπαύχομαι
1456 1882 1565 1923 Rob.

482 1949 579 2003 980.
599 1948 781 2002 πολιτᾶν]
801 1951 972 1989 πολιτῶν
991 1948 1091 1989 Ald.
1115 1949 1248 1990 Turn.

481 2015 578 2069 981.
600 2014 751 2069 ποινᾶς]
775 2014 1043 2055 Scribendum
1065 2019 1199 2058 ποινᾶς
1219 2031 1311 2056 cum
1334 2016 1518 2057 Pauwio.

481 2082 576 2136 985.
601 2085 828 2133 κοινοφελεῖ
846 2082 910 2122 Μ.
933 2081 1034 2121 Ald.
1077 2086 1311 2135 κοινωφελεῖ
1337 2082 1428 2123 libri
1458 2082 1614 2138 reliqui.
1676 2082 1860 2124 Scriben-

424 2148 525 2189 dum
545 2151 764 2189 κοινοθελεῖ
779 2162 871 2188 cum
890 2147 1128 2188 Wieselero.
1175 2153 1393 2200 κοινοφιλεῖ
1415 2150 1694 2190 Hermannus.
1745 2150 1863 2190 Cete-

423 2230 517 2255 rum
537 2214 723 2255 deleatur
742 2229 900 2254 comma
919 2223 1010 2269 post
1031 2215 1194 2269 διανοίᾳ.

482 2281 578 2333 988.
602 2279 696 2333 ἂρα]
719 2281 794 2332 ἄρα
813 2279 906 2321 edd.
932 2288 1028 2320 vett.
1058 2280 1082 2331 ἧ
1102 2282 1152 2332 ῥα
1171 2279 1459 2321 Wakefieldus.
1491 2281 1575 2332 ἄρτι
1595 2280 1831 2336 Burgesius.

482 2345 690 2398 φρονοῦσι]
734 2348 950 2397 φρονοῦσιν
991 2345 1130 2386 Guelf.
1172 2345 1271 2386 Ald.
1316 2346 1536 2398 φρονούσης
1574 2346 1683 2387 Rob.
1732 2347 1863 2387 Recte

427 2413 692 2452 Hermannus
713 2413 928 2463 φρονοῦσα.

483 2478 580 2531 989.
606 2477 797 2529 εὑρίσκειν
819 2477 1027 2516 Porsonus
1047 2491 1097 2516 ex
1119 2477 1277 2518 Pauwii
1294 2478 1541 2534 conjectura.
1572 2479 1739 2531 εὑρίσκει
1757 2477 1862 2519 libri.

429 2542 698 2585 Scribendum
721 2543 933 2594 εὑρίσκεις;
965 2557 1015 2582 ex
1036 2543 1269 2598 conjectura
1290 2544 1534 2586 Robortelli.

484 2622 579 2665 992.
602 2609 812 2662 εὔφρονας]
838 2607 1032 2661 εὐφρόνως
1055 2609 1163 2650 Rob.

483 2676 560 2730 ἀεὶ]
582 2675 658 2716 αἰεὶ
678 2676 813 2715 Turn.
837 2674 978 2731 Steph.

484 2755 579 2797 993.
610 2745 684 2795 γῆν
706 2742 767 2782 καὶ
786 2741 903 2783 πόλιν
928 2743 1388 2799 ὀρθοδίκαιον-πάντες]
1420 2746 1549 2786 Recte
1577 2748 1628 2798 γῆ
1658 2745 1720 2785 καὶ
1749 2745 1863 2786 πόλις

426 2807 868 2862 ὀρθοδίκαιοι-πάντως
899 2809 1179 2859 Hermannus‚
1212 2812 1261 2862 γῆ
1294 2810 1356 2852 καὶ
1387 2810 1501 2854 πόλις
1533 2826 1584 2853 ex
1614 2810 1860 2865 conjectura,

426 2875 583 2929 reliqua
602 2889 653 2915 ex
673 2874 807 2924 codd„
829 2874 997 2929 scripsit.
