1962 3224
651 171 740 212 AD
771 169 1164 212 EUMENIDES.
1559 166 1642 207 551

175 290 236 331 Et
258 289 310 330 11.
333 293 366 340 1,
387 298 485 344 455.

343 371 492 426 μήποτε
510 371 704 426 γούνασιν
725 372 831 413 οἶσιν
852 370 1064 424 ἐφέζεσθαι
1084 370 1210 423 φίλον
1230 368 1331 409 υἱόν.

173 458 233 498 Et
266 453 391 498 refert
421 455 528 497 idem
567 455 766 512 plurimas
802 455 1006 498 Minervae
1038 462 1196 496 statuas
1229 451 1423 507 antiquas
1457 449 1646 492 sedentes

171 523 322 565 fuisse:
354 525 490 565 πολλὰ
524 525 566 565 δὲ
599 528 676 565 τῶν
715 525 891 579 ἀρχαίων
930 526 998 575 τῆς
1036 522 1208 574 Ἀθηνᾶς
1247 520 1401 572 ξοάνων
1441 517 1643 570 καθήμενα

171 594 376 644 δείκνυται,
399 591 572 645 καθάπερ
595 593 639 633 ἐν
659 594 832 648 Φωκαίᾳ,
863 594 1102 647 Μασσαλίᾳ,
1124 589 1268 646 Ῥώμῃ,
1290 589 1375 643 Χίῳ
1407 587 1470 629 καὶ
1501 588 1644 630 ἄλλοις

168 663 362 703 πλείοσιν.
414 661 569 702 Verum
591 670 729 703 noster
750 661 962 714 ἐφέζεσθαι
982 675 1060 717 pro
1081 658 1196 700 nudo
1216 657 1432 714 amplexu,
1456 664 1500 697 ut
1524 654 1638 696 vide-

173 739 253 780 tur,
275 729 416 786 paullo
436 738 529 785 post
551 729 676 770 sumit
695 744 737 769 v.
754 731 853 782 446.

347 808 456 862 Πρὸς
475 809 579 863 χειρὶ
598 809 698 865 τήμῇ
719 809 764 849 τὸ
786 809 863 849 σὸν
885 806 1101 861 ἐφεζομένη
1121 804 1279 859 βρέτας.
1334 803 1558 844 STANL.

230 893 347 949 ξένῳ]
371 893 519 935 Oresti.
552 893 679 935 στένω
702 894 756 935 Τ.

230 975 327 1014 411.
351 961 551 1015 ὁρωμένας
573 961 791 1002 Stanleius.
837 960 1052 1014 ὁρωμέναις
1070 959 1180 1001 libri.

229 1042 328 1083 412.
350 1029 436 1084 οὖν]
459 1030 504 1070 ἐν
525 1028 628 1070 Ald.
653 1030 789 1070 Turn.

230 1111 330 1154 413.
352 1097 383 1140 δ’
405 1113 488 1139 om.
511 1098 613 1140 Ald.
637 1100 772 1140 Turn.

231 1166 432 1221 ἄμορφον]
457 1167 644 1220 ἄμομφον
665 1167 777 1209 Rob.

229 1245 331 1290 415.
351 1235 509 1289 πεύσει]
533 1235 659 1291 πεύσῃ
678 1233 787 1275 libri.

232 1302 450 1358 συντόμως]
475 1301 606 1343 Scrib.
627 1303 833 1355 ξυντόμως.

229 1371 328 1422 4ῐ6.
360 1371 497 1421 αἶανῆς
517 1370 573 1411 Τ.
599 1371 738 1410 Turn.
768 1371 927 1411 Tzetza
957 1368 1010 1410 ad
1043 1368 1257 1425 Lycophr.
1279 1380 1348 1421 72.
1379 1377 1420 1409 et
1451 1367 1642 1409 Eudocia

174 1437 328 1478 Violar.
360 1452 400 1493 p.
426 1450 515 1492 151.
539 1438 654 1489 αἰανῆ
683 1437 777 1479 libri
808 1437 968 1494 reliqui.
1021 1438 1088 1478 De
1109 1452 1194 1492 quo
1211 1435 1299 1477 dixi
1329 1435 1383 1477 ad
1413 1436 1541 1492 Soph.
1565 1436 1637 1490 Aj.

175 1506 270 1559 672.
303 1504 452 1562 Eurip.
487 1506 622 1546 Orest.
650 1506 749 1558 408.
782 1505 1034 1561 comparavit
1061 1503 1368 1554 Wakefieldus‚
1407 1502 1511 1555 ἔδοξ’
1545 1506 1642 1545 ἰδεῖν

173 1578 277 1626 τρεῖς
296 1574 420 1615 Νυκτὶ
447 1578 687 1627 προσφερεῖς
714 1574 839 1627 κόρας.
902 1579 931 1598 “
948 1572 1206 1614 Eumenides
1227 1572 1372 1613 Noctis
1393 1571 1496 1613 filias
1515 1571 1643 1612 fuisse

174 1641 345 1683 tradunt.
375 1641 497 1684 etiam
527 1642 798 1699 Lycophron.
820 1652 918 1698 437.
951 1641 1077 1683 Ovid.
1110 1642 1287 1683 Metam.
1310 1653 1350 1692 4,
1372 1651 1470 1696 451.
1496 1639 1641 1696 Virgil.

176 1709 277 1750 AEn.
304 1721 367 1760 12,
391 1709 487 1765 845.
519 1709 605 1750 Alii
626 1709 781 1751 alite1·.''
813 1711 1036 1752 STANL.

232 1787 331 1830 417.
372 1777 501 1832 Ἀραὶ]
542 1777 680 1820 Aliter
723 1778 891 1819 Servius
928 1778 969 1819 in
1005 1777 1166 1834 Virgilii
1197 1778 1298 1818 AEn.
1324 1791 1367 1830 4,
1391 1777 1486 1818 610.
1520 1777 1642 1818 Nam

175 1845 305 1885 Dirce
323 1845 370 1885 in
391 1845 502 1895 coelo,
527 1852 588 1896 ut,
669 1843 672 1846 ’

404 1917 605 1959 dicuntur
618 1920 805 1975 geminae
817 1925 956 1976 pestes
976 1919 1222 1975 cognomine
1245 1918 1385 1967 Dirce,

178 1994 322 2036 Furiae
350 1996 397 2036 in
428 1997 568 2047 terris,
600 1997 859 2039 Eumenides
888 1997 1007 2053 apud
1034 1997 1206 2052 inferos.
1248 1996 1468 2036 STANL.
1529 1994 1646 2048 Ἀραὶ

178 2063 399 2104 Canterus.
432 2064 508 2116 ἀρὰ
526 2063 632 2105 libri.

233 2131 327 2172 ὑπαὶ
348 2131 583 2187 κεκλήμεθα]
603 2131 920 2185 ὑπαικεκλήμεθα
941 2131 1044 2173 Ald.
1084 2131 1383 2183 ὑπεκεκλήμεθα
1405 2131 1516 2173 Rob.
1551 2133 1645 2173 ὕλαι

179 2198 400 2251 κεκλήμεθα
421 2200 557 2240 Turn.
611 2201 854 2241 Correctum
876 2200 918 2241 in
942 2200 1087 2256 steph.
1108 2215 1204 2256 quae
1225 2201 1319 2241 ὕπαι
1341 2198 1575 2250 κεκλήμεθα.

233 2266 332 2319 418.
357 2268 547 2318 κληδόνας
567 2268 792 2310 Porsonus.
828 2269 1018 2319 κλῃδόνας
1040 2269 1179 2324 vulgo.
1214 2268 1406 2310 κλύδονας
1426 2267 1526 2308 Ald.

234 2347 333 2388 419.
355 2334 508 2389 πεύσει]
530 2335 656 2391 πεύσῃ
677 2334 784 2377 libri.

234 2414 332 2453 420.
354 2403 527 2457 ἐμφανῆ]
555 2404 707 2455 ἐκφανῆ
727 2403 828 2444 Ald.
851 2405 989 2445 Turn.

235 2481 333 2522 422.
356 2473 429 2510 ποῦ
450 2469 493 2510 τὸ
516 2470 746 2512 Arnaldus.
778 2476 892 2513 τοῦτο
913 2471 1019 2513 libri.

237 2538 363 2588 φυγῆς
384 2537 630 2578 Pearsonus.
667 2541 826 2590 σφαγῆς
847 2538 951 2580 libri.

235 2614 334 2658 423.
355 2603 724 2658 ὅπου-νομίζεται]
750 2605 986 2661 Descriptio
1007 2605 1114 2646 sedis
1132 2605 1375 2646 inferorum.
1409 2606 1630 2647 STANL.

234 2681 333 2721 424.
356 2671 582 2724 ἐπιρροιζεΐ]
610 2671 883 2712 Scribendum
906 2674 1135 2725 ἐπιρροιζεῖς
1154 2687 1250 2713 cum
1275 2672 1470 2714 Stanleio.

235 2739 334 2789 426.
367 2737 510 2791 ἄλλης]
543 2738 660 2778 Num
696 2752 792 2779 vero
826 2745 998 2780 matrem
1033 2745 1182 2795 suapte
1215 2745 1358 2795 sponte
1389 2741 1553 2790 occidit,
1587 2755 1644 2781 an

180 2819 276 2846 vero
296 2805 409 2845 alius
428 2806 686 2846 necessitatis
706 2806 817 2846 iram
839 2807 1003 2856 timens,
1023 2806 1065 2847 h.
1087 2822 1123 2847 e.
1153 2821 1204 2847 an
1235 2806 1375 2863 potius
1404 2806 1645 2849 necessitate

179 2871 431 2928 compulsus,
453 2871 566 2927 quod
598 2887 692 2913 eum
724 2873 848 2914 caedis
877 2884 1086 2916 auctorem
1115 2874 1299 2925 haberet,
1322 2874 1443 2931 cujus
1471 2875 1546 2925 ira,
1567 2875 1643 2917 nisi

178 2948 465 2996 perpetrasset,
488 2939 523 2979 ei
546 2939 723 2981 verenda
744 2950 861 2984 esset.
895 2942 1027 2983 SCH.
1091 2943 1186 2983 Non
1208 2941 1311 2983 inest
1333 2943 1410 2983 hoc
1429 2942 1566 2984 ‘verbis
1595 2952 1644 2984 ut
