1962 3224
337 195 421 237 474
806 194 1304 236 ANNOTATIONES

337 304 432 357 ἧψε·
467 305 528 345 καὶ
549 305 570 345 ὁ
587 303 822 356 Μελέαγρος
842 302 1029 356 ἐξαίφνης
1048 303 1231 344 ἀπέθανε.
1264 305 1386 344 Hanc
1405 302 1586 343 fabulam
1609 299 1779 341 nescivit

341 371 563 420 Homerus,
586 369 698 425 quod
723 369 857 425 colligi
887 379 1022 425 potest
1041 385 1094 410 ex
1116 370 1170 410 Il.
1192 374 1224 420 Ι,
1245 381 1341 424 529.
1363 384 1446 424 seq.
1468 368 1538 408 ubi
1566 382 1653 407 eam
1683 382 1775 407 νεω-

342 436 467 488 τέροις
496 435 684 476 tribuunt
714 435 982 491 grammatici.
1043 435 1302 491 Meleagrum
1332 435 1384 476 ab
1406 434 1600 490 Apolline
1629 446 1778 474 caesum

343 502 596 544 tradiderant
616 512 801 543 auctores
820 506 896 543 τῶν
912 501 1060 543 Ἠοιῶν
1078 511 1119 542 et
1138 505 1205 553 τῆς
1224 501 1434 548 Μινυάδος,
1456 510 1557 541 teste
1579 498 1783 540 Pausania

346 584 411 621 10,
430 583 453 624 3
466 584 478 609 l
491 601 499 611 .
520 570 591 625 qui
612 570 731 611 docet
750 569 957 609 historiam
980 568 1032 608 de
1053 568 1193 609 titione.
1218 567 1331 609 fatali
1362 567 1538 623 primum
1559 565 1601 606 in
1621 579 1779 606 scenam

341 636 557 693 protulisse
578 635 862 691 Phrynichum
892 635 934 675 in
956 634 1201 684 Pleuroniis,
1223 649 1304 675 non
1324 633 1490 689 quidem
1518 647 1542 673 a
1571 647 1612 672 se
1641 631 1781 671 inven-

344 712 440 752 tam,
461 702 774 755 προσαψάμενον
794 702 836 741 δὲ
857 701 972 741 αὐτοῦ
998 702 1119 751 μόνον
1139 700 1207 741 ἅτε
1237 701 1277 742 ἐς
1305 699 1407 740 ἅπαν
1433 699 1503 750 ἤδη
1524 696 1784 749 διαβεβοημέ-

344 785 413 809 νον
429 768 473 808 τὸ
486 767 735 819 Ἑλληνικόν.
757 768 985 808 BLOMF.
1015 766 1224 820 Meleager
1237 780 1329 805 cum
1346 779 1491 820 aprum
1506 763 1780 819 Calydonium

343 849 426 875 una
445 849 537 874 cum
560 834 662 874 lecta
684 834 887 889 juvenum
909 847 1031 873 manu
1055 837 1178 887 (quos
1199 831 1435 872 nominatim
1459 839 1638 871 recenset
1657 829 1782 870 Ovid.

343 902 519 941 Metam.
553 900 591 950 8,
616 912 715 954 300.
738 902 848 955 sqq.)
879 898 1063 948 adortus,
1093 906 1135 938 et
1163 896 1355 953 quoniam
1386 897 1476 952 ejus
1503 895 1712 951 praecipua
1739 895 1781 935 in

342 968 419 1008 hac
439 981 582 1023 pugna
600 966 730 1007 virtus
749 966 971 1016 enituisset,
990 965 1149 1006 exuviis
1172 964 1259 1020 apri
1290 963 1447 1020 praemii
1467 978 1589 1004 causa
1607 962 1783 1003 donatus

343 1045 463 1083 esset,
486 1033 723 1074 Atalantam
755 1032 943 1073 Schoenei
971 1031 1110 1081 filiam,
1131 1031 1260 1086 ipsam
1292 1045 1456 1085 quoque
1470 1029 1693 1071 venationis
1721 1044 1783 1069 so-

343 1101 460 1150 ciam,
481 1114 618 1140 amore
638 1098 788 1139 ductus
807 1098 916 1139 hisce
937 1097 1073 1154 spoliis
1088 1097 1261 1139 ornavit.
1320 1098 1452 1147 Quem
1472 1096 1666 1137 honorem
1687 1110 1780 1136 cum

343 1166 544 1222 Meleagri
574 1165 780 1216 avunculi,
803 1165 964 1206 Thestii
984 1165 1073 1215 filii,
1102 1164 1242 1205 matris
1261 1163 1441 1205 Althaeae
1460 1163 1605 1204 fratres
1632 1161 1783 1218 puellae

343 1233 594 1282 invidissent,
616 1247 689 1288 per
708 1232 789 1272 vim
811 1232 847 1272 ei
867 1247 1018 1272 munus
1037 1231 1229 1288 eripiunt,
1250 1240 1548 1288 proptereaque
1577 1245 1601 1270 a
1626 1230 1781 1270 Melea-

341 1316 418 1357 gro
435 1300 691 1341 occiduntur.
733 1301 867 1350 Quam
887 1299 1060 1339 fratrum
1082 1298 1236 1339 eaodem
1255 1298 1465 1354 aegerrime
1485 1297 1580 1339 tulit
1599 1296 1781 1346 Althaea,

342 1367 510 1422 filioque
529 1374 713 1417 mortem,
736 1365 799 1406 vel
815 1374 863 1406 ut,
883 1366 1093 1407 Homerus
1111 1374 1248 1406 narrat
1269 1364 1390 1406 Iliad.
1412 1369 1446 1414 I,
1466 1365 1563 1419 562.
1583 1363 1781 1419 impreca-

344 1433 536 1483 tionibus,
566 1432 631 1473 vel
661 1441 708 1473 ut
738 1431 978 1473 recentiores
1006 1431 1236 1488 perhibent,
1268 1430 1492 1472 mirabilem
1526 1430 1642 1471 illum
1674 1429 1781 1470 titio-

342 1515 451 1551 nem,
482 1500 602 1555 cuj-us
639 1514 664 1539 a
693 1499 997 1540 conservatione
1030 1498 1102 1539 filii
1135 1499 1220 1539 vita
1250 1497 1469 1554 pendebat,
1502 1495 1782 1538 comburendo

342 1565 594 1608 acceleravit.
654 1566 816 1621 Nempe
836 1565 1062 1606 secundum
1083 1564 1278 1606 Ovidium
1300 1565 1475 1605 Metam.
1499 1564 1539 1614 8,
1559 1577 1654 1618 451.
1676 1578 1765 1618 sqq.

455 1664 594 1718 Stipes
613 1669 716 1714 erat,
737 1677 854 1719 quem
873 1677 964 1704 cum
977 1669 1133 1718 partus
1151 1663 1277 1703 enixa
1281 1664 1459 1717 jaceret,

463 1731 669 1781 Thestias,
690 1732 736 1770 in
740 1731 962 1786 flammam
983 1730 1165 1785 triplices
1176 1743 1352 1785 posuere
1371 1743 1541 1779 sorores,

457 1797 729 1853 Staminaque
746 1798 944 1852 impresso
945 1797 1113 1852 satalia
1123 1796 1272 1852 pollice
1291 1801 1444 1845 nentes,

461 1865 681 1919 Tempora,
703 1865 916 1914 dixerunt,
936 1864 1074 1904 eadem
1093 1863 1287 1918 lignoque
1306 1863 1471 1918 tibique,

459 1931 493 1971 O
511 1931 627 1971 modo
648 1937 757 1981 uate,
778 1931 938 1971 damus.
1000 1932 1088 1978 Quo
1100 1935 1320 1985 postquam
1340 1930 1523 1970 carmine
1541 1929 1647 1970 dicto

455 1998 681 2038 Eoecessere
701 1997 1072 2053 deae,flag·rantem
1091 2003 1223 2038 mater
1241 1997 1292 2037 ab
1306 1997 1410 2052 igne

456 2064 635 2120 Eripuit
655 2069 817 2115 torrem,
838 2065 1072 2120 sparsitque
1091 2064 1339 2120 liquentibus
1358 2064 1493 2104 undis.

344 2176 467 2216 Hanc
486 2173 613 2229 igitur
630 2173 827 2223 fabulam,
849 2173 970 2214 etiam
993 2173 1248 2229 Apollodoro
1274 2187 1309 2223 1,
1328 2174 1364 2214 8.
1383 2182 1423 2214 et
1444 2172 1629 2214 Diodoro
1647 2172 1784 2214 Siculo

343 2254 385 2293 4,
405 2254 473 2295 34.
495 2249 758 2280 memoratam
779 2240 844 2281 hic
865 2240 1050 2295 sequitur
1070 2240 1306 2295 AEschylus.
1341 2241 1471 2281 SCH.

400 2309 498 2360 607.
528 2306 692 2360 πυρδαῆ]
723 2306 891 2358 πυρδαής
923 2307 1058 2348 Turn.
1092 2306 1231 2362 Steph.
1262 2321 1313 2346 ex
1349 2306 1481 2346 verbis
1507 2305 1729 2346 scholiastae
1758 2306 1782 2356 ἡ

342 2374 582 2424 παιδολύμας
601 2373 665 2412 καὶ
683 2372 866 2424 πυρδαής.

402 2440 497 2480 608.
520 2439 756 2479 καταίθουσα
777 2440 992 2479 Canterus.
1034 2441 1221 2480 καῖθουσα
1240 2438 1347 2489 libri,
1369 2437 1443 2478 nisi
1464 2438 1575 2493 quod
1597 2453 1645 2479 ex
1669 2438 1736 2478 M.
1758 2439 1782 2489 ἡ

344 2509 507 2548 αἴθουσα
526 2514 780 2546 annotatum.

401 2575 496 2627 609.
528 2571 659 2626 ἥλικα]
690 2570 797 2621 Quia
825 2571 951 2626 hujus
987 2571 1138 2612 titionis
1167 2570 1417 2612 conservatio
1452 2585 1545 2611 cum
1581 2570 1783 2626 Meleagri

343 2654 482 2682 recens
502 2638 586 2679 nati
608 2637 736 2678 salute
753 2637 1092 2693 conjungebatur,
1113 2647 1221 2678 recte
1239 2647 1400 2693 poterat
1420 2637 1622 2693 Meleagri
1644 2651 1781 2693 ‹equa-

342 2709 396 2748 lis
415 2706 509 2747 dici.
542 2706 670 2755 SCH.

402 2774 487 2814 ἐπεὶ
505 2773 639 2824 μολὼν
659 2789 692 2811 κ.
709 2788 744 2812 τ.
764 2775 802 2811 λ.
826 2784 878 2811 ecc
896 2784 939 2811 eo
960 2776 1135 2826 tempore
1148 2785 1227 2826 quo
1246 2784 1384 2811 recens
1401 2776 1527 2811 uatus
1547 2771 1725 2825 vagivit,
1745 2776 1783 2810 et

344 2846 724 2894 contemporaneum
755 2838 792 2877 ei
819 2850 898 2892 per
934 2837 1061 2877 vitam
1076 2853 1089 2876 .·
1122 2837 1177 2877 sic
1209 2845 1316 2878 recte
1349 2836 1638 2891 interpretatur
1670 2836 1782 2877 scho-

345 2906 473 2947 liasta.
504 2905 730 2945 BLOMF.
781 2903 875 2954 ἡνίκ’
898 2904 1094 2954 ἐπιμολὼν
1114 2902 1212 2944 Ald.
