1962 3224
385 198 470 238 342
854 194 1347 237 ANNOTATIONES

383 306 583 347 timidum.
607 304 794 360 Hesych.
815 304 937 354 Πτάξ.
967 302 1117 351 πτακὶς,
1138 300 1255 351 πτὼξ,
1278 301 1417 343 δειλός.
1440 300 1628 351 Phofius,
1649 301 1811 346 Πτάκες.

385 373 520 413 δειλοί.
552 373 723 413 ὀπτικῶς.
746 370 817 411 ubi
838 369 1000 410 Alberti
1026 367 1124 422 legit
1156 368 1339 419 ἐπτηχώς.
1401 366 1572 421 Corrige
1600 372 1814 419 ποιητικῶς.

385 437 537 478 Pollux
565 450 608 491 3,
639 438 730 491 136.
765 436 826 476 καὶ
857 437 877 475 ὁ
912 435 1057 481 πτακὶς,
1090 434 1245 485 σφόδρα
1277 433 1452 483 κωμικόν.
1510 433 1589 473 Est
1618 444 1753 474 autem
1788 449 1814 475 a

383 503 559 554 πτήσσω,
582 502 685 543 sicut
708 502 779 554 ῥάξ
802 517 827 541 a
851 501 984 553 ῥήσσω
1014 509 1054 540 et
1082 498 1186 548 πλάξ
1215 514 1239 538 a
1267 499 1445 549 πλήσσω.
1504 499 1654 540 Forma
1682 500 1815 541 notior

384 569 503 619 πτῶξ,
523 584 548 609 a
566 570 732 609 πτώσσω
752 567 947 617 derivata,
966 564 1141 606 occurrit
1161 565 1338 605 Eumen.
1361 565 1482 618 326.''
1511 566 1739 606 BLOMF.

449 649 540 686 ¹40·
578 634 739 688 τόσσον]
779 634 934 674 τόσσων
973 631 1113 673 Guelf.
1155 631 1257 671 Ald.
1299 631 1410 671 Rob.
1489 631 1658 672 Rectius
1696 633 1814 672 τόσον

387 702 452 742 Fl.
476 703 529 742 T.

443 769 613 821 εὔφρων]
638 768 774 819 ἄφρων
798 765 896 809 Ald.
919 766 1056 805 Turn.

442 836 468 874 ἆ
515 834 675 877 addunt
724 834 776 873 Τ.
828 832 986 887 Steph.,
1034 830 1231 871 omittunt
1276 829 1369 870 libri
1418 829 1577 885 reliqui.
1633 828 1816 882 Ἀρτεμις

385 900 440 956 gl.
463 901 520 940 T.

446 979 536 1017 141.
567 964 784 1018 δρόσοισιν]
817 963 970 1017 δρόσοις
989 965 1044 1005 Τ.
1066 963 1179 1018 quod
1208 963 1509 1019 praeferendum
1537 962 1629 1012 erit,
1650 961 1682 1002 si
1708 971 1814 1003 recte

384 1032 534 1088 legitur
554 1031 721 1073 ἀέπτοις.

442 1097 615 1150 δρόσοις]
655 1097 846 1137 Tenellz‘s.
878 1096 1060 1151 Etymol.
1092 1097 1155 1136 M.
1187 1111 1226 1151 p.
1248 1106 1348 1150 377,
1374 1105 1441 1150 37.
1467 1094 1626 1147 Ἕρσαι,
1661 1096 1701 1135 αἱ
1732 1095 1815 1147 ἔαρι

385 1167 645 1216 γεννηθεῖσαι.
687 1161 709 1213 ἢ
744 1164 783 1202 αἱ
816 1162 978 1210 ἇπαλαὶ,
1013 1162 1075 1202 καὶ
1113 1164 1272 1205 τελείως
1312 1162 1408 1208 νέαι,
1447 1165 1722 1213 μεταφορικῶς.
1767 1162 1816 1204 ὡς

384 1228 648 1281 Ἀριστόνικος
669 1230 712 1268 ἐν
732 1229 912 1278 σημείοις.
945 1227 1039 1279 ἕρση
1068 1230 1142 1280 γὰρ
1173 1230 1281 1270 ἐστὶν
1304 1230 1327 1280 ἡ
1357 1227 1504 1280 δρόσος.
1536 1229 1597 1268 καὶ
1618 1229 1816 1281 Αἰσχύλος

388 1297 431 1336 ἐν
450 1295 710 1348 Ἀγαμέμνονι
730 1294 817 1336 τοὺς
837 1295 1027 1344 σκύμνους
1046 1298 1122 1334 τῶν
1141 1293 1313 1335 λεόντων
1329 1295 1490 1346 δρόσους
1511 1293 1684 1344 κέκληκε,
1702 1310 1816 1345 μετα-

387 1361 544 1414 φράζων
563 1364 688 1400 τοῦτο.
721 1359 854 1401 Schol.
878 1362 1105 1412 Δρόσοισιν.
1135 1365 1215 1402 τοῖς
1244 1364 1430 1412 νεογνοῖς.
1459 1360 1577 1412 χωρὶς
1606 1358 1636 1400 δ’
1660 1360 1706 1399 αὖ
1735 1360 1818 1412 τέρ-

387 1445 466 1468 σαι.
489 1427 559 1468 ubi
578 1426 758 1482 reposuit
780 1426 995 1476 Stanleius‚
1016 1427 1132 1480 χωρὶς
1152 1427 1183 1467 δ’
1201 1425 1282 1467 αὖθ’
1302 1426 1425 1478 ἕρσαι,
1444 1441 1492 1466 ex
1511 1425 1660 1481 Odyss.
1675 1431 1708 1476 Ι,
1723 1438 1816 1469 222.

387 1493 459 1534 ubi
488 1493 611 1534 schol.
643 1496 683 1534 αἱ
710 1494 866 1546 νεογναὶ
895 1494 956 1534 καὶ
986 1494 1134 1534 ἁπαλαὶ
1165 1493 1227 1533 καὶ
1257 1493 1473 1544 δροσώδεις.
1507 1492 1599 1533 Vid.
1634 1494 1816 1549 Hesych.

389 1575 428 1600 v.
459 1559 615 1611 ‘'Epo-at.
655 1569 696 1600 et
734 1560 908 1601 Alberti.
956 1560 1139 1616 Hesych.
1181 1558 1369 1612 Δρόσους.
1412 1560 1602 1611 ἀχρείους,
1644 1561 1819 1612 Κύπριοι.

389 1627 615 1666 BLOMF.

445 1692 600 1735 ἆέπτοις
633 1692 700 1732 Fl.
741 1691 918 1733 ἆέπτοισι
945 1694 1000 1733 T.
1032 1691 1173 1747 Steph.
1210 1691 1322 1746 quod
1353 1690 1451 1746 legit
1486 1691 1710 1742 scholiasta,
1741 1695 1820 1735 τοῖς

389 1759 553 1800 ἔπεσθαι
580 1763 661 1801 τοῖς
688 1762 848 1811 γονεῦσι
877 1759 928 1809 μὴ
958 1758 1195 1809 δυναμένοις.
1226 1758 1371 1800 ἄλλως.
1402 1761 1483 1800 τοῖς
1510 1758 1562 1809 μὴ
1592 1758 1817 1809 δυναμένοις

388 1826 538 1873 πτῆναι.
597 1823 744 1864 Altera
775 1823 1055 1878 interpretatio
1087 1823 1221 1864 locum
1253 1837 1334 1863 non
1363 1822 1497 1864 habet.
1538 1823 1721 1866 ἀέλπτοις
1751 1825 1816 1865 Μ.

386 1888 531 1933 ,Guelfi
552 1889 651 1931 Ald.
674 1890 784 1931 Rob.
809 1892 945 1931 Turn.

382 1987 385 1989 ,
444 1955 617 1995 λεόντων
641 1954 875 1995 restitutum
905 1970 956 1995 ex
986 1956 1128 2010 Etym.
1161 1956 1225 1995 M.
1257 1955 1284 1994 l.
1314 1970 1351 1995 c.
1411 1955 1649 2009 Legebatur
1681 1956 1818 2004 ὄντων,

388 2018 500 2073 quod
521 2033 599 2059 om.
623 2020 677 2059 Τ.
708 2021 833 2060 όλτων
856 2020 944 2073 (sic,
966 2020 1050 2061 sine
1070 2019 1233 2075 spiritu)
1257 2020 1366 2060 Rob.

450 2097 540 2136 142.
565 2086 809 2139 ἀγρονόμων]
830 2086 1076 2141 Hesychius,
1094 2086 1345 2138 ἀγρονόμων;
1379 2085 1422 2125 ἐν
1442 2085 1573 2137 ἀγροῖς
1592 2087 1816 2138 διαγόντων.

450 2163 540 2204 143.
573 2150 836 2204 ὀβρικάλοισι]
871 2152 1096 2203 ὀβρικάλοις
1120 2151 1185 2192 Fl.
1208 2152 1262 2191 T.
1296 2150 1535 2202 ὀκρικάλοισι
1556 2151 1696 2192 Guelf.
1717 2151 1820 2193 Ald.

389 2214 582 2255 Eustath.
602 2229 643 2269 p.
663 2227 782 2268 1395,
802 2225 872 2268 47.
894 2217 1088 2268 ὀβρίκαλα
1114 2218 1218 2268 παρὰ
1237 2217 1424 2270 Αἰσχύλῳ
1448 2217 1621 2256 λεόντων
1641 2217 1818 2268 σκύμνια.

389 2280 459 2320 Ex
480 2280 790 2334 Agamemnone
818 2280 926 2320 idem
955 2296 995 2336 p.
1017 2283 1137 2334 1625,
1159 2292 1227 2333 47.
1251 2281 1438 2330 Photius,
1454 2280 1604 2333 ’Όβρια
1627 2282 1689 2322 καὶ
1709 2284 1819 2334 ὀβρί-

390 2349 515 2385 καλα;
547 2346 595 2384 τὰ
612 2348 687 2384 τῶν
706 2346 878 2386 λεόντων
893 2346 955 2386 καὶ
967 2347 1095 2387 λύκων
1111 2348 1288 2397 σκύμνια.
1321 2347 1520 2399 Αἰσχύλος
1537 2350 1819 2391 Δικτυουλκοῖς.

391 2408 545 2449 AElian.
565 2410 620 2449 N.
642 2410 699 2449 A.
724 2420 764 2463 7,
780 2420 847 2463 47.
875 2415 950 2452 τῶν
972 2412 1166 2465 ὑστρίχων
1196 2413 1258 2453 καὶ
1286 2416 1362 2453 τῶν
1391 2413 1572 2453 τοιούτων
1601 2413 1745 2464 ἀγρίων
1774 2414 1822 2454 τὰ

386 2476 533 2528 ἔκγονα
553 2478 669 2528 ὄβρια
689 2478 901 2530 (ὀβρίκαλα
920 2478 1134 2530 Valcken.)
1158 2483 1345 2519 καλεῖται.
1378 2479 1440 2519 καὶ
1459 2478 1647 2530 μέμνηται
1666 2479 1822 2530 Εὐριπί-

391 2545 457 2593 δης
478 2544 521 2583 ἐν
541 2544 736 2590 Πελειάσι
765 2548 831 2585 τοῦ
860 2547 1059 2596 ὀνόματος,
1083 2546 1145 2585 καὶ
1165 2546 1363 2598 Αἰσχύλος
1394 2546 1437 2585 ἐν
1467 2544 1730 2597 Ἀγαμέμνονι
1759 2545 1822 2586 καὶ

391 2613 677 2653 Δικτυουλκοῖς.
711 2612 938 2652 BLOMF.

384 2720 388 2721 ⁷
444 2674 608 2730 τερπνὰ]
640 2674 695 2715 'In
726 2676 778 2716 T.
811 2676 1061 2732 adscriptum
1090 2676 1146 2732 gl.
1172 2675 1366 2728 Ἄρτεμις,
1399 2675 1511 2731 quod
1541 2675 1593 2716 ad
1626 2677 1727 2716 αι’τεῖ
1755 2691 1819 2716 re-

390 2739 618 2780 ferendum.

450 2816 544 2856 144.
567 2805 685 2860 αἰτεῖ]
705 2823 754 2856 με
772 2805 827 2861 gl.
848 2806 889 2847 in
912 2809 966 2848 T.
997 2808 1055 2848 Et
1075 2808 1130 2849 sic
1150 2808 1363 2849 scholiasta
1382 2823 1547 2863 quoque
1567 2809 1615 2848 τὰ
1636 2809 1820 2859 σύμβολα

392 2871 493 2910 αἰτεῖ
507 2887 555 2920 με
575 2873 709 2922 φᾶναι.
744 2872 775 2911 J
776 2887 907 2921 ovem,
927 2874 1045 2928 cujus
1064 2873 1214 2915 mentio
1232 2873 1340 2915 facta
1358 2880 1418 2914 est
1437 2888 1474 2913 v.
1496 2873 1586 2926 136.
1607 2877 1815 2914 πτανοῖσιν
