1962 3224
572 175 662 216 AD
693 174 1231 217 AGAMEMNONEM.
1553 176 1640 218 387

166 299 293 339 etiam
312 298 563 340 conculcem.
598 297 857 339 Timendum
877 311 1027 354 nempe
1046 297 1174 339 fuisse
1192 298 1265 348 ait,
1282 313 1335 339 ne
1356 297 1388 339 si
1412 300 1638 354 Agamem-

167 379 250 406 non
270 379 355 406 rem
376 365 483 406 male
511 364 715 421 gessisset,
737 373 811 406 aut
837 364 926 422 ipse
955 373 1052 407 ante
1073 365 1247 422 Trojam
1269 365 1500 415 occidisset,
1521 366 1640 422 plebs

166 433 424 490 Argivorum
447 432 646 475 seditione
666 433 776 475 facta
795 433 918 476 etiam
939 433 1072 475 filium
1094 433 1185 490 ejus
1206 443 1411 476 necarent.
1446 434 1578 476 SCH.

226 523 323 565 888.
347 524 637 580 κατεσβήκασι]
663 499 936 576 κατθτσὲήκασι
957 524 1025 566 Fl.

224 591 323 647 889.
343 592 525 649 βλάβας]
554 592 708 645 κλάβας
729 591 795 634 Fl.

225 660 322 713 890.
347 661 558 716 κλαίουσα]
582 660 859 702 Scribendum
882 660 1077 702 κλάουσα.

222 729 539 783 λαμπτηρουχίαι
571 728 805 782 ἆτημέλετοι
844 738 942 770 sunt
971 730 1104 786 signa
1130 743 1210 786 per
1229 729 1362 784 finces
1391 728 1640 779 exhibenda,

164 798 238 837 sed
266 811 348 853 per
386 798 600 839 incuriam
638 812 723 839 ποη
764 797 964 847 exhibita,
1003 813 1129 854 quem
1171 813 1335 839 sensum
1385 797 1498 839 solus
1536 798 1642 840 vidit

167 864 390 907 Heathius.
426 866 661 907 BLOMF.
709 866 806 907 Non
825 879 904 921 per
923 866 1152 916 incuriam,
1175 865 1248 908 sed
1267 866 1368 923 quia
1388 865 1642 908 accendendi

164 947 309 974 caussa
328 933 514 974 nondum
536 934 692 975 aderat.
724 934 1114 976 WELLAUER.

225 1002 321 1056 892.
353 1002 624 1057 ἐξηγειρόμην]
657 1003 789 1043 Recte
823 1002 983 1044 notavit
1020 1002 1222 1044 Butlerus
1255 1002 1334 1044 hoc
1367 1002 1504 1044 dicere
1537 1002 1640 1060 Cly-

165 1078 461 1119 taemnestram‚
498 1084 540 1110 se
580 1069 684 1110 adeo
718 1069 955 1125 vigilantem
989 1069 1186 1120 dormire,
1219 1079 1268 1111 ut
1296 1070 1360 1111 vel
1399 1069 1643 1112 tenuissimo

165 1136 341 1193 strepitu
362 1136 582 1178 excitetur.
618 1138 851 1179 BLOMF.

224 1206 319 1259 894.
336 1205 480 1258 χρόνος
499 1206 521 1245 ὁ
542 1203 752 1255 ξυνεύδων,
777 1206 963 1261 Tempus
981 1205 1092 1261 quod
1110 1206 1224 1247 inter
1244 1205 1534 1247 dormiendum
1558 1206 1642 1247 ela-

165 1273 308 1318 bitur,·
340 1286 436 1312 nam
476 1270 599 1328 plura
634 1272 936 1314 somniantibus
970 1272 1170 1329 adparere
1203 1275 1347 1322 solent,
1382 1288 1508 1330 quam
1543 1289 1641 1330 quae

164 1339 309 1381 eodem
332 1348 517 1395 tempore
538 1339 806 1395 vigilantibus
825 1340 1009 1382 accidere
1030 1350 1208 1396 possent.
1244 1343 1478 1384 BLOMF.

224 1408 322 1463 898.
345 1409 509 1463 στῦλον]
537 1408 687 1449 στόλον
708 1407 775 1450 Fl.

224 1477 319 1530 899.
352 1476 415 1517 καὶ
441 1479 517 1529 γῆν
547 1477 767 1531 φανεῖσαν]
803 1480 924 1530 γαῖαν
956 1481 1159 1530 φανεῖσαν
1191 1477 1256 1519 vel
1288 1481 1364 1533 γῆν
1393 1480 1641 1533 ἐκφανεῖσαν

166 1544 451 1586 Blomfieldus.

222 1626 319 1668 901.
343 1612 458 1654 Citat
480 1612 628 1654 Suidas
648 1628 679 1655 s.
703 1627 741 1653 v.
763 1613 923 1656 πλέκος.
954 1613 1188 1655 BLOMF.

223 1692 320 1735 902.
354 1679 467 1721 Mihi
491 1694 597 1736 pene
617 1695 861 1736 persuasum
884 1688 946 1721 est
965 1680 1184 1722 insititium
1205 1697 1292 1723 esse
1322 1681 1435 1724 hunc
1458 1698 1638 1725 versum.

166 1749 292 1789 Certe
311 1747 648 1804 frigidiusculum
670 1759 801 1790 sonat.
835 1749 1069 1790 BLOMF.

223 1828 321 1871 903.
345 1817 409 1857 τοί
427 1833 490 1858 νιν
511 1817 738 1858 Porsonus.
769 1818 904 1858 τοίνυν
923 1816 1031 1858 libri.

223 1885 323 1937 906.
357 1882 482 1924 Prius
515 1883 822 1925 hemistichium
857 1883 1009 1925 iterum
1043 1884 1225 1925 occurrit
1255 1900 1294 1927 v,
1329 1899 1453 1941 1039.
1486 1886 1639 1943 Eurip.

166 1952 324 1992 Electr.
348 1964 445 2005 999.
470 1950 637 2003 Ἔκβητ’
659 1951 822 2004 ἀπήνης,
843 1951 1040 2008 Τρῳάδες,
1063 1952 1184 2007 χερὸς
1203 1952 1235 1994 δ’
1258 1955 1352 2005 ἐμῆς
1372 1953 1568 2006 Λάβεσθ’,
1591 1954 1639 1996 ἵν’

167 2019 240 2071 ἔξω
261 2017 362 2060 τοῦδ’
384 2020 483 2072 ὄχου
503 2018 638 2070 στήσω
659 2020 773 2061 πόδα.
807 2020 1041 2061 BLOMF.

224 2097 320 2142 907.
344 2088 449 2138 ὦναξ
470 2086 679 2128 Pauwius.
711 2088 810 2138 ἄναξ
831 2087 940 2129 libri.

222 2154 462 2210 πορθήτορα]
493 2154 732 2208 πορθήτορος
754 2154 1052 2197 Valckenarius
1079 2155 1134 2197 ad
1160 2155 1313 2213 Eurip.
1339 2158 1493 2199 Phoen.
1515 2159 1640 2212 1518.

165 2223 334 2264 frustra.

224 2291 321 2344 908.
345 2290 483 2346 τέλος]
505 2290 598 2332 τάδε
620 2291 676 2331 Τ.

224 2372 321 2414 909.
356 2358 619 2415 στρωννύναι]
659 2360 791 2400 Recte
824 2358 1051 2401 Elmsleius
1083 2359 1138 2401 ad
1174 2359 1328 2416 Eurip.
1366 2360 1486 2402 Med.
1519 2374 1641 2415 1209.

166 2428 378 2480 στορνύναι
396 2427 601 2484 corrigere
621 2427 800 2470 videtur.
831 2429 1053 2482 στορνύντα
1071 2427 1187 2485 apud
1209 2428 1338 2485 Soph.
1363 2429 1519 2471 Trach.
1542 2442 1640 2485 902.

164 2495 208 2536 in
230 2496 483 2549 στρωννύντα
501 2495 681 2537 mutavit
703 2495 944 2538 Triclinius.

225 2575 324 2618 910.
354 2564 726 2620 πορφυρόστρωτος]
751 2566 958 2621 Purpura
986 2570 1242 2606 constratus.
1276 2574 1324 2606 ut
1354 2564 1641 2621 pavimentum

165 2630 322 2672 dicitur
341 2632 619 2684 λιθόστρωτος.
656 2631 864 2674 Stanleius
883 2633 983 2674 citat
996 2632 1141 2689 virgil.
1157 2633 1261 2674 AEn.
1281 2646 1317 2683 1,
1342 2644 1438 2687 700.
1459 2639 1643 2675 stratum

165 2705 338 2741 ostrum.
370 2698 441 2740 sed
469 2698 548 2740 hoc
567 2698 621 2740 de
642 2699 742 2741 toris
761 2699 927 2741 dicitur.
980 2701 1049 2741 De
1071 2699 1137 2741 via
1157 2699 1352 2756 stragulis
1372 2701 1642 2757 vestibusque

166 2766 387 2808 sternenda
406 2765 487 2807 vid.
509 2765 687 2823 interpp.
710 2766 763 2807 ad
786 2766 886 2808 Div.
909 2767 1045 2808 Marc.
1072 2780 1139 2817 11,
1163 2767 1202 2807 8.
1254 2768 1362 2809 Mox
1383 2768 1426 2808 in
1449 2784 1517 2810 vv.
1542 2782 1640 2825 912.

166 2848 264 2891 913.
295 2835 470 2876 obscure
498 2833 636 2876 innuit
664 2833 881 2876 consilium
915 2849 1038 2876 suum
1070 2834 1124 2876 de
1157 2834 1305 2876 marito
1340 2835 1638 2879 interficiendo.

169 2903 399 2944 BLOMF.

864 2983 888 3024 3
914 2985 936 3011 c
962 2983 985 3014 2
