1962 3224
626 150 718 191 AD
750 146 1107 191 SUPPLICES.
1515 142 1601 186 587

136 278 205 319 De
240 277 453 332 Neptuno,
490 281 637 330 utpote
667 271 741 328 qui
776 269 1050 312 Isthmiorum
1081 282 1251 325 praeses,
1284 281 1349 308 res
1380 265 1491 308 clara
1524 274 1600 315 est,

135 359 260 402 quem
282 341 512 399 AEschylus
531 339 722 397 designat
741 353 817 396 per
836 337 1057 380 tridentem
1079 352 1121 378 v·
1145 335 1242 380 218.

365 412 442 464 ὁρῶ
463 409 642 463 τρίαιναν
660 406 777 459 τήνδε
797 410 963 459 σημεῖον
981 408 1088 447 θεοῦ.

138 480 198 521 Et
218 494 255 520 v.
280 480 377 533 763.

366 545 412 586 οὗ
431 544 484 596 μὴ
504 544 680 597 τριαίνας
698 542 821 584 τάσδε
842 542 905 583 καὶ
925 545 1026 583 θεῶν
1046 540 1152 593 σέβη

367 615 570 655 δείσαντες
584 635 653 653 -.
706 610 932 652 STANL.

201 694 294 738 190.
326 680 534 738 κρεῖσσον]
567 681 762 733 κρείσσων
790 693 816 719 a
843 692 909 734 pr.
930 691 986 719 tn.
1009 677 1075 717 M.
1103 684 1145 718 et
1174 674 1307 718 codex
1340 671 1605 732 Spanhemii:

140 749 255 807 quod
275 748 598 807 praeferendum.

203 830 299 872 192.
323 819 494 871 ἱκτηρίας
516 815 662 873 Steph.
694 815 886 868 ἱκετηρίας
905 812 1000 855 libri
1022 810 1183 868 reliqui.

206 899 301 942 193.
332 883 592 939 συνωνύμων]
621 885 754 925 Recte
774 882 981 934 εὐωνύμων
1008 882 1244 922 Pearsonus
1263 894 1315 920 ex
1338 877 1473 920 verbis
1492 877 1612 919 scho-

144 951 290 1003 liastae,
317 953 340 993 ὅ
368 954 466 1000 ἐστι,
499 949 718 1004 ἀντέχεσθε
746 950 794 1005 τῇ
824 950 932 1003 δεξιᾷ
960 951 1039 989 τῶν
1065 945 1319 1001 ἀγαλμάτων,
1350 947 1398 1001 τῇ
1425 942 1613 997 ἀριστερᾷ

149 1021 240 1064 τοὺς
260 1019 428 1063 κλάδους
450 1018 702 1073 κατέχουσαι.

213 1101 306 1143 194.
329 1085 494 1143 γόεδνα]
517 1086 676 1139 γοείδεα
697 1085 761 1125 Μ.
793 1084 956 1137 γοείδηα
978 1081 1079 1124 Ald.

207 1158 256 1197 τὰ
275 1154 376 1209 χρεῗ
400 1155 538 1196 Turn.
562 1152 704 1208 Steph.
736 1154 786 1193 τὰ
804 1150 888 1205 χρέ’
911 1150 1023 1192 Rob.
1059 1152 1109 1192 τὰ
1127 1148 1229 1204 χρέα
1250 1148 1316 1190 Μ.
1341 1146 1486 1189 Guelf.
1510 1144 1614 1188 Ald.

211 1233 307 1277 197.
328 1222 488 1278 φθογγῇ
511 1222 736 1262 Porsonus.
767 1218 927 1272 φθογγὴ
946 1217 1055 1260 libri.

209 1289 385 1344 ἑπέσθω]
411 1288 688 1331 Scribendum
711 1285 863 1329 ἐπέστω
884 1301 979 1327 cum
1002 1285 1168 1327 Bothio.

216 1357 309 1412 198.
339 1357 385 1398 τὸ
414 1357 466 1409 μὴ
495 1356 679 1411 μάταιον]
714 1354 870 1407 βλέπος
902 1353 1098 1410 intelligit
1130 1354 1343 1394 Por-sonus
1374 1350 1541 1408 praefat.
1565 1349 1619 1391 ad

155 1425 306 1482 Eurip.
329 1426 436 1466 Hec.
459 1441 498 1481 p.
519 1427 590 1481 36.

212 1493 403 1545 μετώπων
432 1491 668 1548 σωφρόνων]
691 1490 839 1532 Lectio
857 1489 1016 1531 vitiosa.
1060 1490 1226 1542 μετῶπω
1249 1489 1449 1542 (μετώπου
1479 1500 1624 1528 secun-

155 1560 255 1601 dum
290 1560 364 1600 Fr.
395 1559 448 1600 de
481 1559 631 1612 Furia)
666 1562 885 1612 σωφρονῶν
915 1558 984 1598 Μ.
1032 1558 1189 1609 μετόπω
1220 1558 1442 1609 σωφρονῶν
1478 1551 1623 1595 Guelf.

156 1627 261 1669 Ald.
292 1628 670 1680 μετωποσωφρόνων
690 1625 870 1667 restituit
890 1626 1105 1666 Porsonus
1124 1623 1153 1664 l.
1174 1639 1210 1665 c.

217 1708 311 1749 199.
331 1694 563 1748 πρόσωπον]
590 1692 866 1735 Scribendum
885 1693 1108 1745 προσώπων
1127 1706 1222 1733 cum
1246 1689 1349 1731 Ald.
1373 1689 1484 1731 Rob.

218 1774 313 1804 202.
335 1761 374 1804 εἷ
389 1761 481 1813 ξένη
500 1760 613 1802 Rob.
636 1761 777 1801 Turn.
800 1759 944 1816 Steph.
977 1758 1083 1810 εἶξεν
1101 1760 1125 1811 ἡ
1145 1758 1306 1800 codices
1325 1767 1368 1799 et
1389 1757 1493 1799 Ald.

220 1842 316 1882 204.
337 1827 602 1884 φρονοῦντας]
624 1829 853 1881 φρονούσας
874 1828 1012 1868 Turn.
1034 1827 1144 1868 Vict.

221 1908 320 1952 205.
343 1895 575 1949 φυλάξομεν
597 1897 736 1937 Turn.
760 1894 906 1951 Steph.
947 1893 1176 1948 φυλάξομαι
1203 1893 1300 1935 libri
1327 1892 1492 1950 reliqui,
1513 1893 1629 1948 quod

163 1963 455 2006 revocandum.
489 1962 1017 2016 φυλάξομεν-μνησθεῖσαι
1038 1961 1259 2003 Stanleius.

224 2033 321 2073 206.
341 2029 557 2086 γεννήτωρ]
581 2028 826 2080 Scholiasta,
848 2030 870 2070 ὃ
892 2030 1039 2082 ἔφορος
1058 2032 1127 2070 τοῦ
1147 2028 1302 2082 γένους.

225 2110 464 2154 207—231.
486 2098 764 2138 Personarum
782 2107 900 2138 notas
919 2111 1002 2138 om.
1023 2095 1128 2137 Ald.
1150 2111 1284 2152 usque
1303 2094 1358 2136 ad
1378 2110 1417 2136 v.
1441 2106 1538 2150 232.
1559 2093 1633 2136 ubi

164 2167 384 2224 praefixum
416 2182 480 2217 πρ.
503 2164 551 2220 (i.
570 2180 606 2206 e.
630 2163 828 2219 πρέσβυς)
851 2164 919 2206 cui
949 2163 1195 2205 tribuuntur
1224 2179 1263 2204 v.
1284 2173 1527 2219 232-245,
1577 2163 1634 2203 In

166 2233 277 2276 Rob.
299 2247 484 2289 personae
514 2231 571 2273 sic
600 2239 697 2273 sunt
724 2240 892 2282 notatae,
914 2235 991 2285 Hp.
1012 2230 1135 2283 μή-.
1158 2235 1263 2273 Δαν.
1286 2231 1333 2287 (i.
1354 2246 1390 2272 e.
1415 2229 1632 2285 Δαναΐδες)

168 2299 391 2353 θέλοιμ’-.
414 2304 516 2341 Δαν.
537 2301 729 2341 ἵδοιτο-.
754 2299 1050 2353 (Manifestum
1074 2307 1135 2340 est
1154 2307 1251 2340 ante
1273 2299 1316 2340 ἰὼ
1338 2302 1417 2341 Ζεῦ
1436 2298 1635 2340 excidisse

172 2369 271 2421 Hp.)
295 2372 373 2421 Πρ.
391 2369 591 2411 κείνου-.
620 2372 720 2408 Δαν.
739 2370 1006 2419 καλοῦμεν-.
1036 2370 1112 2420 Πρ.
1134 2367 1419 2420 σύγγνοιτο-.
1442 2373 1546 2408 Δαν.
1562 2364 1633 2408 τίν’

173 2437 315 2478 οὖν-.
366 2439 443 2487 Πρ.
464 2436 612 2487 ὁρῶ-.
657 2440 757 2475 Δαν.
780 2433 944 2476 ἇλλ’-.
989 2438 1065 2487 Πρ.
1086 2432 1304 2487 Ἐρμῆς-η
1351 2439 1456 2475 Δαν.
1479 2432 1637 2475 ἐλευθέ-

174 2519 329 2557 ροις-.
378 2505 456 2554 Πρ.
490 2501 720 2543 πάντων-.
760 2506 833 2543 Βα.
860 2501 1114 2543 ποδαπὸν-.
1156 2506 1257 2542 Δαν.
1294 2502 1518 2554 εἴρηκας-.
1583 2502 1638 2541 1η

178 2571 318 2611 Turn.
339 2572 417 2621 Hp.
436 2568 558 2620 μῆ--.
596 2572 669 2610 Κο.
693 2568 740 2622 (i.
760 2584 796 2611 e.
819 2570 949 2623 κόραι)
972 2567 1195 2620 θέλοιμ’-.
1226 2572 1307 2621 Πρ.
1330 2567 1360 2609 ὦ
1380 2571 1530 2609 Ζεῦ-.
1565 2571 1639 2609 Κο.

175 2640 368 2679 ἵδοιτο-.
414 2639 491 2688 Πρ.
514 2635 576 2676 καὶ
596 2635 792 2687 Ζηνὸς-.
836 2639 908 2676 Κο.
930 2639 1198 2687 καλοῦμεν-.
1252 2640 1331 2689 Πρ.
1355 2637 1641 2689 σύγγνοιτο--.

178 2709 256 2758 Πρ.
288 2706 434 2757 ὁρῶ-.
479 2703 616 2754 (Ante
645 2702 717 2743 τίν’
746 2703 817 2744 οὖν
845 2702 974 2758 igitur
1004 2701 1157 2743 excidit
1189 2706 1261 2743 Κο.
1288 2702 1404 2758 quod
1433 2701 1643 2759 supplevit

182 2772 348 2828 Steph.)
380 2773 453 2812 Κο.
475 2768 639 2810 ἆλλ’--.
660 2768 819 2825 reliqua
843 2780 890 2810 ut
911 2769 1026 2810 Rob.

239 2848 335 2892 207.
353 2837 407 2891 μή
428 2837 517 2892 νυν]
538 2836 592 2889 μὴ
612 2840 683 2878 νῦν
703 2836 810 2878 libri.

239 2905 393 2962 κράτος]
414 2905 535 2959 τάχος
556 2903 828 2946 Blomfleldus
847 2902 900 2944 ad
921 2902 1133 2945 Prometh.
1156 2916 1253 2960 397.

846 2985 877 3023 4
897 2984 925 3012 Ε
949 2982 974 3014 2
