1962 3224
692 185 784 227 AD
814 185 1256 228 CHOEPHORAS.
1625 184 1707 229 471

301 300 401 355 565.
437 295 660 340 Particulae
691 297 756 338 καὶ
789 296 837 348 δὴ
868 295 1006 337 valent
1019 296 1108 351 fizc
1139 300 1294 337 autem.
1347 294 1440 336 Vid.
1473 294 1624 338 Elmsl.
1653 296 1708 338 ad

245 366 395 424 Eurip.
417 365 536 408 Med.
555 365 654 421 380.
678 362 881 406 Valcken.
902 362 956 405 ad
978 362 1184 405 Herodot.
1205 378 1248 419 p.
1263 374 1362 418 591.
1387 362 1630 406 Markland.
1653 364 1709 406 ad

246 433 394 491 Suppl.
427 448 469 491 p.
495 445 589 488 129.
607 432 646 474 b.
692 433 914 488 Nusquam
951 440 1088 473 tamen
1119 430 1206 471 vidi
1240 430 1314 472 has
1347 430 1572 488 particulas
1611 448 1706 474 cum

241 502 426 560 optativo
445 510 714 543 constructas,
746 500 981 541 BLOMF.

297 570 465 627 φαιδρᾷ]
489 573 641 626 φαιδρῷ
664 568 808 611 Guelf.
832 569 938 610 Ald.
969 570 1158 623 φαιδροὺς
1178 568 1290 610 Rob.

295 640 397 694 566.
419 636 576 693 δέξαιτ’]
601 636 747 690 λέξαιτ’
771 638 837 678 Μ.
861 637 1007 679 Guelf.
1029 636 1131 679 Ald.
1156 637 1268 678 Rob.

294 707 397 761 567.
429 705 520 747 ὥστ’
543 706 610 747 Μ.
636 705 779 763 Steph.
823 706 874 749 ὡς
894 706 1032 747 Turn.
1078 705 1130 749 ὥς
1156 704 1206 746 ἂν
1238 703 1382 747 Guelf.
1404 704 1523 756 Ald.‚
1546 721 1663 747 eraso
1684 723 1707 747 τ

237 773 278 814 in
301 773 446 816 Guelf.

292 843 392 898 568.
412 843 732 896 παραστείχοντα
754 841 899 898 Steph.
931 843 1231 895 παραστίχοντα
1249 840 1344 882 libri
1365 840 1529 898 reliqui.

292 910 391 965 569.
411 911 578 952 πύλαισι
597 909 888 951 Blomfieldus.
919 910 1069 966 πύλῃσι
1090 909 1195 951 libri.

294 978 517 1033 ἀπείργετε]
539 979 768 1031 ἀπείργεται
788 978 855 1019 Μ.
877 977 986 1018 Rob.
1009 987 1051 1019 et
1071 977 1350 1034 superscripto
1371 995 1391 1019 ε
1412 977 1558 1020 Guelf.

292 1057 390 1101 571.
411 1046 545 1098 βαλὸν
564 1047 630 1087 Μ.
661 1049 795 1097 βᾶλον
812 1045 953 1087 Guelf.
984 1046 1128 1098 βαλὼν
1148 1044 1251 1086 Ald.
1269 1045 1383 1087 Rob.
1415 1046 1547 1098 βηλὸν
1564 1048 1699 1089 Turn.

237 1113 383 1170 Steph.
415 1113 547 1166 βηλὸν
569 1114 820 1163 Homerum,
842 1114 976 1165 βαλὸν
995 1113 1172 1168 tragicos
1193 1112 1346 1155 dixisse
1366 1114 1630 1157 observatum
1657 1116 1699 1157 in

234 1182 393 1223 Lexico
412 1181 565 1222 rhetor.
587 1181 627 1222 in
651 1180 832 1222 Bekkeri
853 1181 1018 1223 Anecd.
1040 1197 1082 1237 p.
1107 1193 1204 1234 224,
1228 1194 1293 1223 12.
1329 1182 1467 1224 Βαλὸν
1486 1198 1562 1239 ρει·
1582 1183 1701 1227 οὐδόν

232 1249 412 1306 explicat
433 1248 687 1306 Hesychius.

290 1318 456 1372 ἔρκειον]
487 1319 617 1370 ἑρκίον
653 1318 717 1358 M.
766 1316 896 1370 ἕρκιον
919 1316 1030 1358 Rob.
1090 1316 1364 1360 Scribendum
1401 1319 1563 1370 ἑρκείων
1600 1334 1695 1360 cum

233 1385 427 1427 Stanleio.
480 1385 601 1427 Conf.
625 1401 662 1426 ν.
683 1387 786 1440 561.

286 1464 387 1510 573.
410 1454 564 1511 ἔπειτα]
589 1454 733 1495 ἔναντα
754 1453 1057 1495 Wakefieldus.

288 1525 386 1564 κατὰ
415 1521 557 1578 στόμα]
591 1522 759 1564 Coram.
792 1522 831 1563 A
845 1522 1013 1577 fronte.
1048 1523 1202 1563 Incert.
1232 1522 1361 1564 Rhes.
1393 1536 1492 1574 410.
1527 1526 1696 1577 Θρῃκῶν

229 1591 405 1643 ἀρίστοις
425 1591 609 1642 ἐμπεσὼν
631 1591 729 1631 κατὰ
750 1589 889 1642 στόμα.
921 1602 1019 1646 492.
1034 1589 1170 1641 Τάξον
1189 1589 1227 1642 μ’
1249 1589 1474 1645 Ἀχιλλέως
1494 1592 1558 1632 καὶ
1578 1609 1696 1645 στρα-

227 1661 297 1699 τοῦ
328 1660 425 1700 κατὰ
453 1656 592 1711 στόμα.
646 1657 768 1699 Idem
797 1657 884 1699 fere
917 1658 1026 1699 va1et
1059 1660 1137 1699 κατ’
1169 1659 1402 1712 ὀφθαλμοὺς
1427 1660 1469 1700 in
1502 1660 1695 1716 proximo

226 1741 364 1767 versu.
410 1726 538 1768 Rhes.
558 1738 657 1779 422.
688 1727 766 1767 Καὶ
794 1726 1003 1780 μέμφομαί
1029 1744 1107 1774 σοι,
1138 1728 1201 1768 καὶ
1230 1727 1339 1781 λέγω
1371 1727 1451 1769 κατ’
1474 1729 1580 1781 ὄμμα
1601 1727 1690 1771 σόν.

230 1794 379 1851 (Angl.
404 1796 437 1835 I
450 1795 519 1836 tell
535 1796 571 1836 it
583 1810 671 1851 you
692 1801 732 1837 to
746 1796 1006 1851 yourfizce.)
1051 1795 1203 1851 Eurip.
1231 1797 1304 1837 Or.
1329 1797 1424 1837 282.
1457 1798 1492 1837 εἶ
1522 1795 1602 1837 κατ’
1625 1798 1693 1849 ὅμ-

224 1879 330 1914 ματα
356 1861 610 1916 Ἐξιστόρουυ
634 1880 710 1910 νιν,
736 1865 776 1904 si
796 1878 932 1904 coram
957 1865 1284 1920 interrogarem.
1312 1864 1466 1906 Bacch.
1485 1867 1585 1919 469.
1608 1864 1689 1906 Πό-

225 1930 321 1983 τέρα
340 1932 383 1972 δὲ
404 1932 551 1984 νύκτωρ
572 1930 623 1979 σ’,
644 1929 668 1982 ἢ
690 1931 772 1972 κατ’
793 1930 896 1983 ὄμμ’,
916 1932 1169 1985 ἠνάγκασεν;
1205 1933 1327 1974 Conf.
1351 1934 1417 1974 El.
1442 1946 1538 1989 915.
1581 1934 1691 1974 Haec

224 1999 401 2042 contulit
421 1999 694 2050 Abreschius,
715 1999 789 2055 qui
809 2010 919 2041 recte
938 1999 1188 2049 observavit,
1212 2004 1238 2024 “
1255 1999 1335 2041 κατ’
1357 2000 1590 2054 ὀφθαλμοὺς
1614 2005 1691 2052 βα-

223 2072 313 2109 λεῖν
331 2070 378 2109 in
393 2074 649 2124 conspectum
667 2068 822 2118 venire,
838 2071 985 2119 βαλεῖν
1006 2069 1093 2109 ἀντὶ
1112 2071 1182 2109 τοῦ
1195 2073 1460 2121 προσβαλεῖν.
1493 2068 1689 2125 Sophocl.

226 2135 379 2177 Trach.
398 2138 494 2191 760.
510 2135 636 2178 Αὐτὸς
653 2139 823 2189 βαρεῖαν
842 2137 1047 2189 ξυμφορὰν
1069 2137 1113 2176 ἐν
1133 2137 1283 2188 ὄμμασι
1314 2137 1472 2191 Πατρὸς
1500 2138 1689 2191 δεδορκὼς

224 2204 287 2246 καὶ
309 2206 406 2245 κατὰ
425 2208 620 2258 γλῶσσαν
641 2203 808 2245 κλύων.”
839 2204 1072 2245 BLOMF.

231 2321 234 2324 Α
278 2281 378 2327 574.
409 2271 508 2327 ἐρεῖ]
530 2273 619 2325 ἀρεῖ
637 2271 684 2326 (i.
705 2287 742 2313 e.
765 2272 854 2325 ἀρεῖ
870 2273 1102 2325 ὀφθαλμοὺς
1127 2273 1190 2314 καὶ
1216 2275 1461 2327 καταβαλεῖ)
1484 2274 1685 2316 Bamber-

219 2354 345 2396 get-us
364 2340 406 2381 in
428 2339 754 2381 Zimmermanni
774 2339 921 2381 Diario
935 2355 975 2381 a.
998 2341 1119 2396 1836.
1141 2355 1184 2397 p.
1205 2342 1306 2396 566.

276 2407 419 2462 βαλεῖ]
441 2412 587 2459 βαλεῖν
610 2409 674 2449 Μ.
697 2407 841 2450 Guelf.
862 2407 964 2449 Ald.

276 2484 376 2528 577.
395 2474 570 2532 Ἐρινὺς]
592 2475 772 2529 Ἐριννὺς
792 2477 929 2518 Turn.
954 2476 1101 2533 Steph.

276 2542 374 2596 578.
404 2544 537 2596 τρίτην
566 2542 701 2599 πόσιν]
738 2544 881 2585 Prima
912 2555 1000 2586 erat
1031 2545 1361 2601 Agamemnonis
1392 2546 1585 2602 sanguis;
1620 2563 1681 2590 se-

219 2609 357 2650 cunda
377 2610 587 2666 AEgisthi;
620 2612 739 2653 tertia
761 2612 1104 2669 Clytaemnestrae.
1158 2613 1225 2655 Sic
1254 2623 1365 2655 recte
1384 2613 1683 2670 interpretatur

219 2675 446 2717 scholiasta.
498 2677 700 2727 Quoniam
740 2694 840 2720 vero
880 2679 1031 2721 dieitur
1064 2682 1234 2734 ἄκρατον
1270 2683 1378 2733 αἷμα,
1416 2681 1562 2722 allusio
1596 2698 1683 2724 esse

218 2743 410 2785 videatur
438 2743 492 2785 ad
523 2754 667 2786 notum
701 2745 819 2786 illum
849 2747 981 2799 τρίτον
1012 2750 1206 2800 κρατῆρα;
1239 2747 1354 2804 quod
1381 2748 1540 2789 notavit
1567 2750 1680 2791 Pau-

221 2811 333 2854 wius.
368 2812 461 2853 Vid.
482 2811 535 2853 ad
558 2814 711 2869 Agam.
732 2825 828 2869 245.
878 2815 975 2856 Hoc
995 2824 1135 2856 autem
1158 2815 1324 2857 tertium
1340 2816 1537 2872 poculum
1561 2818 1680 2871 ἄκρα-

216 2897 286 2924 τον
305 2890 407 2923 erat.
441 2880 706 2937 Antiphanes
726 2882 883 2924 Athen.
911 2894 976 2938 15.
1001 2897 1041 2939 p.
1064 2884 1161 2938 692.
1182 2884 1239 2925 E.
1262 2883 1462 2937 Μεγάλην
1483 2884 1582 2929 Διὸς
1601 2902 1679 2927 σω-
1718 2942 1721 2946 ¹
