1962 3224
567 200 658 241 AD
688 200 1222 244 AGAMEMNONEM.
1543 204 1628 246 427

223 310 346 351 1606.
377 310 672 366 συνεξελαύνει]
693 311 826 353 Recte
845 311 1120 364 ξυνεξελαύνει
1142 313 1367 365 Porsonus‚
1387 320 1430 355 et
1449 313 1628 368 ξυνάψας

163 392 205 418 v.
228 379 351 433 1609.

222 446 345 486 1611.
367 445 516 502 ἰδόντα]
538 447 660 488 ἰδόντι
681 447 739 498 Τ,
758 456 868 489 recte
887 446 1073 489 fortasse.

223 513 343 555 1612.
373 514 548 566 ὑβρίζειν
577 514 622 555 ἐν
652 518 832 556 κακοῖσιν
857 515 904 556 οὗ
924 514 1055 570 σέβω]
1082 514 1211 571 Soph.
1233 514 1308 570 Aj.
1332 526 1454 567 1107.
1476 514 1555 557 οὐδ’
1578 517 1628 558 αὖ

159 580 342 631 τοιαύτην
374 584 569 633 γλῶσσαν
604 582 648 623 ἑν
680 586 812 626 κακοῖς
847 585 966 636 φιλῶ.
994 594 1113 635 1140.
1146 581 1228 627 *Os
1257 585 1302 624 ἓν
1334 586 1465 627 κακοῖς
1494 585 1627 637 ὕβριζε

160 650 265 688 τοῖσι
283 651 361 688 τῶν
380 647 517 692 πέλας.
549 649 782 691 BLOMF.

223 715 346 769 1613.
367 717 481 757 τόνδε
501 714 578 770 φῂς
598 715 808 758 Pauwius.
840 715 942 758 τόνδ’
965 716 1065 770 ἔφης
1084 717 1225 774 vulgo·

221 783 343 834 1614.
370 783 567 839 ἔποικτον]
590 783 737 825 Lectio
757 792 960 841 suspecta.
994 785 1105 836 ἄξιον
1124 787 1255 827 οἴκτου
1274 785 1333 843 gl.
1354 784 1398 827 in
1420 786 1477 828 Τ.
1511 787 1629 828 ἐπακ-

160 847 234 890 τὸν
254 849 540 906 Musgravius.

222 917 346 958 1616.
377 920 629 971 δημορριφεῖς
658 919 871 971 λευσίμους
894 919 1006 975 ἀράς]
1027 920 1352 962 Exsecrationes
1367 921 1516 977 populi
1534 936 1628 963 cum

158 983 417 1040 lapidatione
445 986 578 1028 editae.
641 988 858 1043 Frequens
885 996 947 1028 est
966 987 1082 1043 apud
1102 997 1260 1029 veteres
1281 987 1500 1044 scriptores
1518 988 1626 1046 lapi-

159 1048 339 1093 dationis
358 1052 527 1104 mentio,
547 1069 633 1109 quo
651 1068 802 1109 genere
830 1053 1023 1111 supplicii
1052 1055 1249 1096 utebatur
1274 1054 1470 1111 populuS,
1492 1071 1626 1112 quum

160 1117 300 1160 subita
327 1119 612 1177 indignatione
645 1130 877 1162 commotus
911 1131 1029 1172 esset,
1063 1122 1163 1178 quia
1195 1121 1347 1164 scilicet
1381 1122 1539 1178 lapides
1573 1123 1628 1165 ad

160 1199 331 1228 manum
363 1197 406 1229 et
434 1197 588 1245 praesto
617 1188 769 1244 cuique
797 1189 1007 1245 jacebant.
1045 1191 1220 1232 Homer.
1259 1190 1310 1231 Il.
1343 1194 1387 1232 Γ.
1417 1192 1487 1246 56.
1519 1193 1628 1234 ἀλλὰ

160 1252 271 1305 μάλα
289 1258 423 1307 Τρῶες
450 1255 684 1308 δειδήμονες·
715 1256 741 1308 ἤ
767 1256 812 1298 τέ
842 1273 910 1298 κεν
928 1257 1000 1309 ἤδη
1020 1257 1172 1299 Λάϊνον
1194 1258 1294 1298 ἔσσο
1313 1262 1477 1312 χιτῶνα,
1500 1264 1629 1301 κακῶν

163 1320 268 1375 ἕνεχ’
289 1322 395 1364 ὅσσα
417 1322 623 1376 ΡέῈοργας.
652 1323 679 1364 1.
701 1339 735 1364 e.
756 1325 796 1365 si
807 1324 952 1378 fhror
972 1325 1198 1381 popaedaris
1224 1331 1336 1366 metu
1362 1341 1448 1367 ‘non
1458 1328 1630 1382 ficisset

161 1390 397 1442 restinctus,
400 1390 663 1447 jampridem
688 1391 904 1447 lapidatus
924 1405 1044 1433 esses.
1066 1391 1221 1448 Eurip.
1246 1393 1339 1434 Ion.
1360 1406 1482 1447 1240.
1505 1395 1626 1436 θανά-

160 1473 230 1498 του
249 1459 441 1510 λεύσιμον
460 1459 559 1500 ἄταν
579 1460 856 1512 ἀποφυγοῦσα.
917 1459 1074 1500 Confer
1092 1459 1194 1500 ibid.
1220 1461 1316 1513 726.
1357 1461 1424 1501 De
1447 1461 1624 1518 Cyrsilo,

162 1523 372 1582 lapidibus
405 1526 573 1577 obruto,
606 1526 662 1567 ob
695 1526 911 1567 consilium
944 1527 1276 1569 Atheniensibus
1306 1528 1452 1569 datum
1487 1530 1630 1572 Medis

164 1592 353 1644 cedendi,
374 1593 459 1636 vid.
485 1595 704 1635 Demostn.
728 1594 781 1635 de
807 1596 959 1635 Coron.
989 1598 1020 1648 ξ.
1042 1596 1110 1637 60.
1145 1594 1423 1648 (Valckenaer.
1454 1597 1507 1638 ad
1541 1599 1630 1639 He-

163 1660 298 1702 rodot.
328 1675 369 1716 9,
393 1662 457 1718 5.)
517 1663 672 1704 Noster
702 1662 840 1703 Theb.
864 1663 959 1718 183.
990 1666 1190 1716 λευστῆρα
1220 1663 1340 1715 δήμου
1371 1663 1403 1705 δ’
1435 1666 1481 1707 οὔ
1510 1682 1547 1706 τι
1575 1665 1629 1717 μὴ

163 1730 271 1786 φύγῃ
290 1732 426 1784 μόρον.
458 1732 515 1773 Ι).
539 1731 648 1772 Luc.
671 1743 739 1781 20,
762 1731 802 1771 6.
832 1734 908 1774 πᾶς
927 1732 949 1771 ὁ
976 1730 1075 1774 λαὸς
1102 1731 1360 1773 καταλιθάσει
1383 1733 1494 1784 ἡμᾶς.
1558 1733 1628 1774 Cf.

165 1797 315 1854 Eurip.
349 1799 485 1840 Orest.
517 1809 588 1854 50.
617 1799 715 1853 436.
755 1801 891 1840 θανεῖν
921 1797 984 1839 ὑπ’
1021 1799 1153 1839 ἀστῶν
1184 1800 1361 1854 λευσίμῳ
1394 1800 1628 1853 πετρώματι.

164 1865 261 1907 Vid.
283 1866 358 1907 AE.
380 1866 498 1907 Porti
520 1867 628 1906 Lex.
651 1866 745 1906 Ion.
767 1881 807 1906 v,
830 1867 1085 1907 Καταλεύειν.
1118 1867 1350 1907 BLOMF.

228 1933 350 1974 1618.
373 1934 617 1986 κρατούντων
634 1936 711 1974 τῶν
728 1933 792 1974 ε’πὶ
811 1934 910 1988 ζυγῷ
932 1933 1061 1988 δορός]
1079 1934 1224 1975 Miror
1239 1933 1375 1990 inquit
1389 1934 1627 1990 AEgisthus,

166 2006 216 2051 te,
237 2002 310 2057 qui
330 2001 528 2056 &fir-ieri
548 2014 660 2041 remo
674 2000 861 2041 assideas
883 2001 988 2040 talia
1003 2010 1088 2041 tam
1109 2000 1318 2042 licentiose
1337 2002 1543 2043 adversus
1562 2016 1629 2044 eos

166 2069 394 2122 vomfirari
417 2068 490 2123 qui
516 2067 564 2107 in
594 2072 781 2107 transtro
810 2066 992 2108 sedentes
1021 2082 1166 2108 rerum
1188 2070 1430 2124 potiuntur.
1491 2070 1632 2110 Meta-

115 2122 127 2135 ’
165 2135 340 2192 phoram
376 2133 522 2175 sumsit
554 2148 580 2174 a
619 2132 770 2190 triplici
808 2133 1012 2189 remigum
1054 2134 1211 2176 ordine.
1273 2135 1437 2177 Vilioris
1475 2136 1633 2178 ordinis

167 2201 369 2253 homines,
391 2201 588 2258 plebeios,
613 2216 707 2242 cum
740 2202 988 2253 θαλαμίταις,
1017 2201 1091 2258 qui
1120 2202 1252 2244 infimi
1281 2203 1555 2259 remigabant,
1587 2205 1633 2246 ἐν

167 2270 386 2323 θαλάμαις-ς
418 2269 637 2326 optimates
665 2277 804 2310 autem
836 2283 867 2310 5.
900 2268 1107 2326 principes
1136 2285 1230 2311 cum
1255 2272 1437 2325 ζυγίταις,
1459 2270 1533 2327 qui
1552 2270 1632 2312 illis

165 2338 335 2395 quidem
371 2337 600 2395 superiores
630 2337 672 2378 in
708 2337 846 2378 medio
879 2337 1025 2379 ordine
1060 2353 1092 2379 5.
1124 2339 1169 2379 ἐν
1196 2342 1326 2391 ζυγοῖς
1355 2338 1630 2395 remigabant,

167 2416 393 2462 comparat.
416 2406 661 2459 κρατούντων
680 2405 793 2458 δορὸς
808 2406 874 2445 vel
893 2404 967 2460 qui
989 2405 1111 2446 hasta
1131 2404 1171 2444 h.
1187 2419 1222 2446 e.
1246 2414 1450 2461 potestate
1469 2404 1630 2457 bellica,

167 2473 292 2515 armis
310 2473 544 2530 potiuntur,
565 2472 630 2514 vel
650 2473 723 2529 qui
743 2486 893 2514 navem
915 2479 1089 2530 regunt,
1110 2472 1168 2514 ita
1198 2483 1246 2514 ut
1277 2473 1389 2526 δορὸς
1418 2488 1495 2529 pro
1523 2487 1632 2515 nave

168 2542 327 2583 dictum
357 2541 420 2592 sit,
451 2541 566 2597 quod
598 2539 779 2582 Stanleio
812 2540 960 2597 placet.
1020 2540 1146 2582 Prius
1178 2550 1315 2582 tamen
1347 2540 1467 2582 nobis
1499 2540 1631 2597 magis

168 2608 382 2664 probatur.
415 2607 549 2648 SCH.

232 2676 354 2730 1619.
374 2674 538 2729 γνώσει]
558 2675 693 2727 γνώσῃ
712 2673 818 2716 libri.

230 2744 353 2787 1620.
375 2741 596 2796 εἰρημένον]
620 2743 847 2795 προσταγὲν
867 2741 969 2797 αὐτῷ
988 2741 1045 2798 gl.
1066 2742 1108 2782 in
1131 2743 1187 2782 T.

230 2813 351 2853 1621.
375 2809 538 2866 δεσμὸς]
562 2809 710 2861 δεσμὸν
731 2808 796 2850 Fl.
820 2809 920 2849 Ven.

230 2880 351 2931 1624.
373 2879 542 2921 πταίσας
563 2878 786 2918 Porsonus.
819 2876 1061 2932 Legebatur
1080 2875 1224 2927 πήσας.
1249 2876 1396 2919 παίσας
1413 2874 1630 2917 scholiasta

170 2946 342 2989 Pindari
363 2947 491 3004 Pyth.
517 2958 555 2997 2,
577 2956 670 3001 173.

836 3022 860 3064 3
884 3023 915 3049 H
940 3020 963 3049 2
