1962 3224
328 199 412 239 408
799 200 1292 243 ANNOTATIONES

329 306 384 348 δύ’
406 306 633 359 ἆποπνίξασ’
656 309 838 361 ἑταίρους,
863 308 932 350 τὸν
957 311 1085 362 τρίτον
1115 312 1314 363 θηρεύεται
1336 310 1426 353 Ἔτι
1454 315 1624 363 λαβεΐν;
1660 311 1760 364 (vid.

329 373 523 414 Eustath.
548 389 593 429 p.
623 385 741 426 1714,
773 377 861 429 37.)
893 375 1107 431 Aristoph.
1143 378 1224 432 Eq.
1255 377 1350 430 248.
1385 378 1446 418 καὶ
1479 378 1665 428 τελώνην,
1700 378 1760 417 καὶ

330 439 531 493 φάραγγα,
573 441 635 481 καὶ
673 440 865 494 χάρυβδιν
903 444 1088 495 ἁρπαγῆς.
1130 443 1359 498 Hipponax
1395 459 1459 499 ap.
1503 443 1654 484 Athen.
1697 455 1758 496 15.

329 520 371 561 p.
394 506 490 560 698.
519 507 568 546 C.
603 507 847 557 (Dobraeum
875 507 927 547 ad
958 508 1170 564 Aristoph.
1203 509 1316 550 Plut.
1347 512 1484 564 1051.)
1522 508 1666 550 Μοῦσά
1695 526 1761 561 μοι

330 571 683 625 Εὗρυμεδοντιάδεα
702 572 772 623 τὴν
791 572 1113 627 ποντοχάρυβδιυ.
1146 576 1375 616 BLOMF.

390 648 510 693 1235.
533 639 721 692 θύουσαν]
746 639 790 678 F
787 646 982 680 urentem.
1014 642 1181 682 κύουσαν
1201 643 1513 697 Bambergerus.

380 702 517 745 ’Ἃιδου
545 703 695 759 μητέρ’]
730 704 795 745 Sic
826 705 1138 760 Clytaemnestra
1167 706 1316 748 dicitur
1344 723 1420 763 pro
1450 708 1663 760 αἶνομήτωρ
1697 710 1760 758 (ut

330 771 558 824 αἷνοπατήρ)
581 772 644 819 ve]
674 770 907 824 κακομήτωρ,
931 782 978 812 ut
994 771 1132 813 ‘'Albov
1160 772 1320 826 βάκχαι,
1340 772 1478 815 θΑιδου
1506 774 1627 826 μέλος
1656 776 1760 814 Eur.

330 837 485 878 Electr.
506 850 597 891 143.
623 835 760 878 Ἀιδου
793 839 880 890 γόοι
904 838 1116 894 Aristoph.
1147 839 1314 881 Thesm.
1335 853 1455 891 1041.
1481 839 1617 881 ’Ἀιδου
1652 841 1762 891 νόμοι

332 903 521 960 Sophocl.
542 904 688 959 fragm.
707 915 805 956 407.
837 905 1095 947 LOBECK.
1119 907 1170 946 ad
1193 907 1316 962 Soph.
1341 907 1458 962 Ajac.
1479 922 1520 962 p.
1543 919 1640 961 352.

386 970 500 1024 ἆρᾶν]
522 968 647 1022 Ἀρην
672 985 899 1026 anonymus
928 972 969 1011 in
999 971 1104 1013 libro
1133 973 1454 1013 Raulinsoniano
1481 972 1593 1028 apud
1624 972 1763 1012 Blom-

327 1037 494 1078 fieldum
543 1045 584 1077 et
623 1036 870 1086 Lobeckius‚
911 1046 1032 1087 recte,
1072 1037 1145 1078 nisi
1194 1039 1307 1094 quod
1348 1038 1449 1091 Ἀρη
1492 1038 1629 1094 potius
1670 1038 1764 1079 scri-

328 1104 523 1146 bendum.

390 1183 509 1226 1239.
534 1170 684 1225 ὅμοιον]
706 1170 883 1211 Perinde
902 1177 974 1212 est.
1035 1172 1151 1213 Infra
1170 1185 1288 1227 1403.
1316 1174 1366 1214 σὺ
1392 1172 1422 1214 δ’
1454 1175 1577 1215 αἰνεῖν
1609 1175 1686 1215 εἴτε
1714 1189 1763 1224 με

328 1237 473 1291 ψέγειν
493 1237 632 1287 θέλεις,
646 1235 828 1288 ”Ὀμοιον.
851 1236 999 1293 Eurip.
1022 1238 1167 1295 Suppl.
1189 1243 1308 1293 1069.
1339 1239 1520 1292 Ὅμοιον·
1552 1241 1597 1281 οὐ
1616 1242 1691 1293 γὰρ
1710 1240 1763 1291 μὴ

331 1305 440 1360 κίχῃς
458 1303 493 1356 μ’
517 1305 618 1344 ἑλὼν
636 1304 734 1357 χερί.
768 1304 969 1344 Herodot.
994 1315 1033 1357 7,
1057 1307 1122 1347 80.
1143 1305 1191 1357 ἢν
1210 1308 1252 1347 δὲ
1273 1307 1423 1348 αὐτοῖσι
1441 1307 1493 1359 μὴ
1512 1309 1632 1349 πιστὰ
1650 1306 1763 1360 γένη-

328 1387 403 1417 ται,
425 1370 559 1421 ὅμοιον
577 1370 667 1421 ἡμῖν
687 1370 810 1410 ἔσται.
841 1371 1069 1413 BLOMF.

391 1449 509 1489 1240.
532 1437 581 1477 σύ
599 1436 636 1488 μ’
659 1438 702 1477 ἐν
723 1438 924 1478 Auratus.
956 1437 1005 1478 σὺ
1023 1438 1100 1489 μὴν
1119 1438 1223 1479 libri.

391 1516 510 1556 1241.
531 1505 632 1556 ἄγαν
651 1503 686 1556 γ’
706 1503 811 1545 libri.
842 1522 889 1557 γε
908 1515 1015 1546 recte
1035 1504 1185 1546 delevit
1204 1505 1482 1548 Blomfieldus.

390 1581 512 1621 1242.
534 1571 718 1611 παιδείων
738 1571 992 1611 Schuetzius.
1022 1573 1184 1612 παιδίων
1204 1572 1310 1613 libri.

387 1636 568 1678 Θυέστου
588 1638 714 1691 δαῖτα]
742 1637 793 1676 In
819 1637 1078 1692 proverbium
1101 1637 1254 1679 abierat
1283 1653 1398 1679 coena
1420 1640 1641 1696 Thyestea,
1664 1639 1711 1680 τά
1730 1639 1761 1681 τ’

330 1704 511 1754 ἐπώνυμα
540 1707 677 1744 δεῖπνα
707 1703 901 1753 Θυέστου,
934 1704 1068 1759 inquit
1097 1703 1245 1758 Eurip.
1277 1705 1347 1744 Or.
1382 1718 1499 1757 1004.
1561 1706 1763 1747 Stanleius

328 1769 469 1810 laudat
491 1769 623 1825 Epist.
646 1769 933 1820 Viennensium
955 1779 995 1811 et
1016 1769 1216 1825 Lugdun.
1245 1785 1310 1826 ap.
1332 1771 1486 1812 Euseb.
1510 1771 1620 1813 Hist.
1644 1771 1759 1812 Eccl.

326 1846 369 1891 5,
386 1849 428 1888 4.
455 1837 749 1889 κατεψεύσαντο
768 1837 874 1887 ἡμῶν
894 1836 1090 1878 Θυέστεια
1110 1839 1246 1876 δεῖπνα
1267 1837 1328 1877 καὶ
1344 1838 1609 1881 Οἰδιποδείους
1626 1840 1761 1889 μίξεις.

329 1903 450 1944 Conf.
472 1902 650 1943 Tertull.
671 1903 723 1943 ad
746 1904 842 1944 Nat.
868 1917 903 1944 1.
924 1919 966 1959 p.
979 1917 1047 1958 45.
1063 1903 1270 1959 Athenag.
1291 1905 1438 1960 Legat.
1454 1920 1498 1960 p.
1514 1918 1555 1956 4.
1575 1904 1760 1958 (Milton.

333 1969 566 2024 Thyes-teau
586 1970 795 2025 banquet.)
821 1971 1048 2011 BLOMF.

386 2047 506 2088 1244.
547 2036 659 2076 οὐδὲν
693 2036 949 2092 ἐξῃκασμένα]
986 2038 1085 2078 Non
1119 2037 1234 2078 modo
1273 2038 1354 2077 levi
1388 2038 1660 2078 similitudine
1694 2052 1761 2079 ex-

322 2116 482 2158 pressa.
507 2102 644 2143 Theb.
660 2113 758 2157 445.
791 2104 989 2155 κεραυνὸν,
1012 2105 1126 2144 οὐδὲν
1147 2104 1422 2155 ἐξεικασμένον
1443 2108 1761 2156 Μεσημβρινοῖσι

327 2169 520 2209 θάλπεσιν
550 2173 630 2211 τοῖς
657 2169 782 2219 ἡλίου.
819 2183 869 2210 ne
901 2170 1026 2211 levem
1060 2170 1221 2226 quidem
1251 2171 1562 2211 similitudinem
1596 2171 1759 2212 habens.

328 2235 555 2275 BLOMF.
590 2233 843 2286 ἐξεικασμένα
863 2236 917 2275 Τ.

386 2313 506 2354 1245.
538 2302 580 2341 ἐκ
610 2302 749 2352 δρόμου
779 2302 912 2342 πεσὼν
931 2301 1076 2357 τρέχω]
1101 2301 1368 2357 Musgravius
1387 2301 1484 2342 citat
1505 2303 1641 2343 Prom.
1666 2303 1758 2358 883.

325 2368 397 2419 ἔξω
418 2369 459 2408 δὲ
480 2369 621 2420 δρόμου
641 2366 808 2420 φέρομαι
827 2369 979 2418 λύσσης
997 2369 1183 2419 πνεύματι
1202 2367 1348 2422 μάργῳ.
1370 2377 1411 2408 et
1432 2368 1620 2424 Choeph.
1641 2381 1760 2411 1022.

326 2435 458 2487 ὥσπερ
477 2434 544 2485 ξὺν
564 2435 693 2477 ἵπποις
712 2435 972 2487 ἡνιοστρόφου
993 2435 1134 2486 δρόμου
1155 2434 1337 2487 ἐξωτέρω.
1370 2436 1598 2476 BLOMF.

387 2512 507 2552 1247.
540 2501 956 2553 εὔφημον-κοίμησον
978 2503 1172 2555 (κοίμισον
1193 2503 1267 2555 Τ.)
1295 2502 1434 2557 στόμα]
1458 2504 1495 2543 Ι.
1519 2519 1554 2544 e.
1576 2505 1760 2555 κοίμησον

326 2568 464 2619 στόμα,
487 2568 589 2608 ὥστε
608 2568 782 2620 εὔφημον
801 2568 998 2620 γενέσθαι.
1059 2570 1124 2609 De
1146 2584 1230 2624 quo
1258 2585 1332 2610 usu
1356 2569 1646 2625 adjectivorum
1668 2586 1761 2626 pro-

325 2634 473 2690 leptico
502 2634 607 2675 dixit
637 2634 821 2675 Lobeck.
851 2634 905 2675 ad
937 2635 1064 2691 Soph.
1091 2636 1211 2691 Ajac.
1241 2651 1284 2692 p.
1308 2636 1399 2689 278.
1431 2645 1621 2693 recteque
1652 2637 1760 2678 hunc

325 2701 461 2742 locum
482 2701 689 2756 explicuit.

385 2768 507 2819 1248.
530 2769 611 2809 οὔτι
632 2767 698 2808 Fl.
722 2770 775 2809 T.

382 2833 472 2875 ἀλλ’
504 2835 765 2889 οὔτι-λόγῳ]
799 2836 910 2882 Quid
937 2835 1117 2891 linguam
1150 2840 1385 2879 coerceam?
1419 2838 1520 2879 Non
1548 2838 1655 2877 enim
1685 2844 1758 2888 est,

321 2902 393 2957 qui
412 2902 483 2951 iis,
505 2915 600 2956 quae
617 2901 706 2942 dico
725 2910 920 2942 eventura
940 2917 1037 2953 esse,
1059 2904 1253 2944 medelam
1271 2906 1434 2959 qfferat.
1469 2905 1599 2944 SCH.
