1962 3224
642 169 732 210 AD
762 167 1158 230 EUMENIDES.
1548 167 1635 210 547

174 281 300 338 Legit
329 281 370 323 in
400 281 505 323 libro
533 295 610 323 suo
636 276 868 332 scholiasta,
891 280 964 337 qui
985 279 1165 337 explicat
1186 282 1250 321 διὰ
1269 279 1315 321 τὸ
1338 278 1431 321 νέον
1451 279 1547 331 αἷμα
1566 283 1636 322 τοῦ

173 350 238 403 (τὸ
259 351 546 403 Hermannus)
577 350 725 409 νεωστὶ,
749 348 1011 403 εἰργασμένου
1034 346 1320 402 (εἰργασμένον
1342 347 1633 401 Hermannus)

170 417 232 459 ὑπ’
254 418 384 459 αὐτοῦ.
445 416 580 458 Verba
602 417 763 469 αἵματος
782 415 874 458 νέου
894 415 1093 472 leguntur
1112 430 1150 456 v.
1174 427 1269 466 204.

226 486 324 541 360.
365 484 644 540 σπευδόμεναι]
678 485 911 536 σπευδόμιαι
943 483 1044 526 Ald.
1087 482 1200 525 unde
1239 483 1458 535 σπεύδομαι
1493 483 1633 525 Turn.

174 553 318 608 steph.
340 567 422 594 non
452 552 736 594 animadversa
766 551 996 609 typothetae
1016 551 1165 592 Aldini
1195 550 1496 593 consuetudine
1523 552 1596 607 qui
1626 568 1638 592 ι

173 621 392 678 saepissime
421 636 498 678 pro
529 638 572 663 εν
603 620 755 678 posuit.
817 619 1091 662 Scribendum
1124 619 1374 673 σπευδομένα
1404 634 1498 661 cum
1530 620 1638 660 Bur-

171 689 295 746 gesio.
347 690 414 731 De
435 705 514 731 usu
533 689 680 731 formae
699 688 847 730 mediae
867 688 1023 730 dictum
1046 688 1099 730 ad
1120 689 1273 744 Agam.
1294 698 1388 743 151.
1441 686 1640 728 Notanda

171 767 309 798 autem
340 757 506 799 liberior
534 757 730 799 orationis
758 757 1022 807 constructio,
1056 757 1110 798 ab
1143 758 1390 798 Hermanno
1420 755 1638 811 explicata.

172 826 282 867 Nam
321 841 454 882 quum
493 825 715 867 dicendum
756 834 861 866 esset
901 823 1639 877 σπευδομένα-μάλα-καταφέρω,

173 903 344 950 propter
381 893 665 950 interpositam
706 892 970 950 parenthesin
1012 893 1111 936 Ζεὺς
1126 918 1181 925 -
1199 894 1450 945 ἀπηξιώσατο
1490 907 1640 934 novam

177 977 295 1003 orsus
325 962 670 1003 constructionem
703 961 813 1014 μάλα
844 963 921 1015 γὰρ
955 961 1316 1016 οὗν-καταφέρω
1345 961 1467 1013 dixit,
1500 961 1643 1003 relicta

178 1030 314 1085 priore
333 1030 650 1071 constructione.

235 1098 338 1152 τινὰ]
366 1097 637 1139 Scribendum
661 1098 741 1139 Δία
758 1111 852 1138 cum
875 1096 1060 1138 Pauwio.

235 1167 334 1220 361.
355 1165 492 1222 τάσδε]
514 1169 635 1208 τᾶσδε
656 1167 720 1206 Μ.
743 1165 854 1207 Rob.

235 1235 331 1290 362.
367 1236 503 1287 ἐμαῖσι
536 1238 688 1276 λιταῖσι
722 1249 842 1275 sensu
874 1233 1036 1290 passivo
1068 1234 1353 1291 accipiendum
1388 1250 1475 1276 esse
1505 1243 1644 1276 monet

182 1303 465 1355 Hermannus,
487 1303 565 1344 boc
586 1317 731 1344 sensu:
763 1318 812 1344 eo
831 1302 945 1358 quod
967 1318 1041 1343 nos
1064 1302 1306 1344 invocamur
1326 1304 1426 1345 deos
1442 1303 1643 1361 puniendi

180 1384 351 1412 munere
380 1370 614 1412 liberamus.
677 1372 825 1427 Longe
851 1371 970 1413 aliter
991 1371 1206 1414 scholiasta
1225 1373 1315 1414 haec
1335 1373 1508 1430 accepit,
1532 1374 1644 1427 εὔχο-

179 1455 250 1490 μαι
283 1443 364 1482 τοῖς
398 1442 503 1483 θεοῖς
536 1438 699 1480 τελέσαι
729 1456 804 1491 μου
836 1438 880 1480 τὸ
913 1440 1100 1492 βούλημα
1136 1441 1198 1482 καὶ
1231 1441 1285 1493 μὴ
1321 1443 1376 1486 εἷς
1414 1442 1546 1496 μάχην
1581 1458 1646 1494 μοι

183 1507 330 1548 ἐλθεῖν,

238 1574 337 1629 364.
367 1572 451 1626 μηδ’
476 1575 515 1617 ἐς
544 1574 727 1627 ἄγκρισιν
753 1574 903 1630 ἐλθεῖν]
926 1575 1023 1616 Hoc
1048 1591 1128 1616 non
1151 1575 1204 1617 de
1224 1575 1316 1627 diis,
1340 1576 1409 1618 sed
1433 1577 1486 1618 de
1507 1577 1648 1618 Furiis

181 1640 339 1682 dictum
359 1657 445 1683 esse
467 1641 680 1683 annotavit
702 1643 999 1685 Hermannus:
1031 1659 1136 1700 quas
1166 1659 1247 1686 non
1276 1645 1436 1686 evocari
1465 1645 1517 1686 ad
1549 1644 1645 1686 ἀνά-

185 1725 325 1762 κρισιν,
347 1709 446 1766 quia
469 1709 567 1766 jure
596 1725 679 1750 non
709 1710 839 1752 dubio
869 1721 1056 1753 utantur.
1088 1713 1291 1766 ἀνάκρισις
1311 1722 1448 1754 autem
1470 1712 1573 1770 quid
1597 1713 1647 1753 sit

181 1775 223 1818 in
253 1777 344 1818 foro
374 1778 520 1819 Attico
549 1778 756 1834 explicant
788 1779 1068 1836 Harpocratio
1102 1780 1255 1836 aliique
1289 1780 1574 1837 grammatici:
1607 1795 1645 1820 v.

186 1843 335 1885 Bleier.
356 1844 397 1885 in
418 1844 524 1886 libro
544 1845 596 1886 de
616 1845 686 1886 lite
708 1845 852 1887 Attica
873 1862 914 1903 p.
936 1848 1034 1888 622.

243 1912 299 1967 ἐς]
323 1912 380 1954 ἐπ’
403 1911 504 1954 Ald.
527 1914 662 1954 Turn.
726 1913 997 1956 Scribendum
1021 1917 1076 1959 εἰς
1094 1931 1189 1957 cum
1212 1916 1398 1959 Pauwio.

243 1981 426 2034 ἄγκρισιν
445 1979 566 2022 lectio
585 1980 638 2022 ab
670 1981 881 2038 Stephano
902 1994 1140 2034 memorata,
1161 1991 1203 2024 et
1225 1983 1281 2025 sic
1303 1985 1370 2025 M.
1394 1985 1571 2039 ἔγκρισιν
1593 1987 1649 2027 Τ.

189 2047 298 2090 Rob.
329 2048 507 2101 ἄκροισιν
528 2048 669 2090 Guelf.
692 2049 794 2090 Ald.
820 2050 965 2092 Turn.·
985 2051 1131 2107 Steph.
1192 2052 1294 2093 Post
1325 2053 1460 2095 ἐλθεῖν
1487 2063 1528 2095 et
1558 2063 1650 2110 post

188 2114 438 2167 ἀπηξιώσατο
458 2116 575 2157 colon
596 2126 798 2173 ponatur:
833 2134 871 2160 V.
893 2120 945 2160 ad
966 2134 1006 2159 v.
1027 2121 1127 2174 360.

245 2184 344 2239 365.
364 2185 463 2239 366.
490 2186 588 2228 Ζεὺς
607 2187 683 2238 γὰρ
704 2186 992 2240 αἱματοσταγὲς
1011 2188 1218 2239 ἀξιόμισον
1239 2188 1353 2232 ἔθνος
1372 2191 1462 2232 τόδε
1481 2190 1650 2247 λέσχας]

191 2249 336 2292 Lectio
355 2250 469 2292 illato
487 2251 527 2292 in
557 2260 716 2293 textum
745 2252 990 2309 glossemate
1016 2256 1305 2310 αἱματοσταγὲς
1332 2257 1573 2315 depravata,
1596 2259 1653 2301 sic

189 2318 230 2359 in
270 2318 475 2375 integrum
518 2319 784 2372 restituenda,
819 2323 918 2366 Ζεὺς
952 2325 1029 2376 γὰρ
1065 2325 1270 2376 ἀξιόμισον
1300 2329 1380 2368 πᾶν
1415 2327 1529 2370 ἔθνος
1564 2328 1653 2369 τόδε

191 2384 343 2439 λέσχας
354 2410 410 2416 ——
426 2417 436 2427 .

251 2453 347 2507 366.
370 2453 497 2509 ἔθνος]
522 2454 762 2507 Scholiasta,
785 2457 829 2498 τὸ
850 2462 927 2500 τῶν
947 2459 1117 2512 φονέων.
1182 2462 1343 2503 Eodem
1367 2472 1525 2519 spectat
1544 2462 1653 2520 glos-

195 2534 306 2561 sema
326 2522 624 2575 αἱματοσταγές.

251 2588 493 2643 368—372.
527 2588 810 2647 μάλα-ἄταν]
843 2593 904 2633 Ηί
934 2609 1075 2636 versus
1103 2595 1145 2636 in
1182 2595 1295 2638 libris
1329 2597 1528 2654 leguntur
1563 2609 1656 2655 post

195 2656 424 2709 ἐπιφθόνοις
443 2657 560 2700 ποδός
580 2673 618 2698 v,
639 2662 737 2713 376.
799 2661 1080 2717 Transposuit
1103 2664 1324 2706 Heathius.

252 2724 351 2779 368.
373 2724 443 2765 οὖν
461 2739 543 2766 om.
566 2726 675 2767 Rob.

254 2791 433 2844 ἁλομένα
454 2793 736 2837 Hermannus.
769 2795 955 2847 ἀλωμένα
977 2797 1088 2839 Rob.
1125 2799 1332 2852 ἁλλομένα
1351 2800 1444 2842 libri
1465 2801 1624 2859 reliqui.

254 2861 351 2915 369.
374 2859 562 2915 ἄγκαθεν]
585 2861 859 2903 Scribendum
882 2863 1075 2906 ἀνέκαθεν
1095 2881 1190 2907 cum
1214 2868 1474 2910 Hermanno.

255 2937 352 2983 371.
395 2927 597 2983 σφαλερὰ]
631 2929 904 2973 Scribendum
943 2935 1128 2986 σφαλερὰ
1162 2936 1238 2988 γὰρ
1271 2951 1365 2978 cum
1400 2939 1657 2982 Hermanno.

870 3013 893 3055 3
921 3015 940 3040 z
967 3013 988 3042 2
