1962 3224
369 190 454 229 548
839 189 1334 230 ANNOTATIONES

373 297 507 340 Verba
526 301 875 352 σφαλερὰ-κῶλα
889 299 928 340 in
950 299 1179 355 parenthesi
1198 299 1329 354 posita
1344 308 1453 340 sunt.
1485 299 1635 353 Itaque
1649 311 1807 337 comma

368 374 462 421 post
481 370 587 407 κῶλα
606 365 856 422 ponendum.

425 442 522 487 375.
543 431 759 486 ἡμετέραις]
783 432 1050 473 Scribendum
1074 433 1286 485 ἁμετέραις.

423 501 521 553 376.
561 497 786 551 ἐπιφθόνοις
821 498 1038 540 Heathius.
1091 497 1292 551 ἑπιφόνοις
1329 498 1435 550 libri,
1474 498 1549 539 nisi
1588 496 1701 553 quod
1744 497 1809 537 ἐπὶ

369 563 506 617 φόνοις
525 563 633 605 Rob.

423 641 522 685 377.
541 631 707 686 πίπτων]
726 633 869 672 πίπτον
889 632 988 672 Ald.

424 698 574 738 πίπτων
604 698 636 738 δ’
656 698 724 739 οὐκ
753 697 873 752 οἶδεν]
895 699 956 739 Et
982 699 1043 740 sic
1068 698 1230 754 quidem
1256 698 1550 753 prosternitur,
1566 711 1665 738 casu
1693 696 1808 737 baud

364 764 561 819 praeviso,
592 764 735 805 stolide
764 766 966 805 ‘nimirum
1004 766 1244 811 caecutieus,·
1287 770 1413 805 tantae
1446 764 1599 805 scilicet
1632 763 1807 804 tenebra>

367 830 524 871 homiui
553 837 729 886 propter
762 831 975 886 piaculum
1010 831 1089 872 sibi
1125 836 1392 880 contractum,
1430 830 1718 886 offunduntur,
1757 844 1808 871 ac

367 897 600 938 nebulosam
634 897 857 953 caliginem
889 897 1044 938 aedibus
1077 896 1267 950 objectam
1301 903 1534 952 queruntur
1562 897 1808 953 multiplices

362 963 562 1018 gemitus.
594 964 726 1004 SCH.

424 1030 522 1083 378.
542 1033 649 1071 τοῖον
670 1029 892 1071 Heathius.
919 1034 1026 1071 τοῖον
1045 1032 1121 1083 γὰρ
1141 1029 1245 1070 libri.

424 1096 547 1147 μύσος
568 1097 783 1137 Canterus.
813 1100 937 1148 μῦσος
957 1096 1066 1137 Rob.
1088 1097 1224 1138 Turn.
1249 1096 1390 1151 Steph.
1420 1100 1536 1147 μῖσος
1555 1094 1658 1136 Ald.

423 1163 653 1218 πεπόταται]
674 1162 902 1205 ἐπιπόταται
922 1163 1031 1204 Rob.

423 1230 661 1286 381—383.
682 1240 722 1271 et
742 1231 1022 1287 antistrophici
1052 1231 1290 1286 389—391.
1310 1230 1352 1270 in
1379 1244 1508 1270 unum
1529 1243 1689 1270 versum
1711 1244 1806 1270 con-

361 1297 578 1353 jungendi.

421 1365 521 1419 381.
553 1364 678 1420 μένει]
715 1364 907 1406 Similiter
941 1366 1094 1420 Agam.
1131 1365 1254 1418 1563.
1284 1365 1414 1416 μίμνει
1441 1364 1497 1413 δὲ,
1527 1364 1732 1415 μίμνοντος
1761 1364 1807 1404 ἐν

367 1432 492 1487 θρόνῳ
514 1432 623 1480 Διὸς,
644 1435 784 1473 παθεῖν
807 1433 877 1474 τὸν
898 1433 1075 1484 ἔρξαντα.
1106 1446 1227 1487 quem
1257 1430 1391 1471 locum
1422 1429 1672 1486 comparavit
1692 1431 1803 1470 Her-

366 1513 551 1541 mannus.
611 1500 793 1541 Dobraeo
821 1499 934 1551 μέλει
963 1497 1221 1539 scribendum
1252 1497 1482 1547 videbatur,
1512 1496 1658 1538 collato
1689 1498 1804 1552 Sept.

365 1567 418 1608 ad
441 1567 578 1608 Theb.
599 1583 637 1608 v.
661 1567 755 1619 287.

423 1633 653 1690 εὐμήχανοι]
677 1635 797 1685 ἐσμὲν
817 1644 924 1674 recte
945 1632 1108 1688 supplet
1127 1631 1351 1672 scholiasta.

422 1701 518 1756 382.
541 1701 599 1755 δὲ]
622 1699 891 1742 scribendum
912 1716 955 1740 τε
974 1713 1066 1740 cum
1084 1697 1357 1739 Wakefieldo.

419 1766 518 1821 383.
538 1766 746 1821 μνήμονες]
769 1766 959 1817 τλήμονες
978 1766 1072 1806 Par.
1095 1770 1123 1789 “
1142 1764 1352 1805 Prometh.
1368 1773 1466 1819 515.
1488 1767 1634 1816 Μοῖραι
1653 1765 1805 1818 τρίμορ-

364 1839 433 1886 φοι
450 1833 644 1885 μνήμονές
667 1832 698 1874 τ’
718 1832 932 1886 Ἐρινύες.”
964 1832 1184 1872 STANL.

419 1901 474 1955 38
476 1911 515 1955 5.
547 1899 645 1952 ἄτιμ’
665 1900 811 1954 ἀτίετα]
836 1900 1035 1941 obeuntes
1054 1912 1187 1955 reg-na
1216 1899 1422 1955 ignobilia
1450 1897 1703 1954 deorumque
1732 1900 1802 1941 ho·

364 1981 464 2007 nore
492 1967 693 2016 carentia,
723 1980 751 2006 a
774 1966 857 2007 diis
888 1966 986 2006 locis
1012 1966 1098 2006 situ
1127 1965 1254 2005 seut-is
1286 1970 1325 2005 et
1353 1964 1434 2005 sole
1458 1964 1692 2004 carentibus
1716 1963 1802 2006 dis-

349 2034 522 2089 juncta,
544 2034 654 2074 vivis
673 2038 712 2074 et
730 2034 905 2074 mortuis
925 2045 1090 2087 aspera.
1125 2032 1256 2072 SCH.

420 2101 553 2141 ἀτίετα
571 2100 666 2141 inde
683 2115 708 2140 a
729 2101 908 2141 cantero
927 2099 1100 2148 editum,
1120 2098 1394 2139 consentiente
1412 2097 1583 2139 fortasse
1604 2098 1669 2139 M.
1699 2099 1802 2139 ἀτίε-

363 2184 427 2209 ται
449 2167 591 2209 Guelf.
614 2166 716 2208 Ald.
737 2166 846 2208 Rob.
870 2167 1005 2207 Turn.
1028 2165 1170 2221 Steph.
1211 2166 1364 2207 ἀτίετον
1382 2165 1501 2206 lectio
1520 2166 1572 2207 ab
1595 2165 1805 2222 Stephano

364 2244 600 2276 memorata.

420 2302 515 2356 386.
546 2300 651 2354 λάχη
679 2299 922 2356 ejiciendum
944 2297 1106 2339 videtur
1127 2298 1367 2340 Wellauero
1390 2299 1627 2356 conjectura
1655 2315 1801 2356 parum

364 2366 588 2424 probabili:
621 2381 715 2407 nam
744 2365 830 2407 veri
859 2364 1029 2406 similius
1059 2372 1120 2406 est
1145 2365 1247 2406 duas
1277 2381 1328 2406 ex
1362 2381 1482 2407 versu
1510 2367 1804 2425 antistrophico

365 2433 540 2490 syllabas
559 2432 767 2474 excidisse.

419 2501 515 2554 387.
543 2499 706 2554 ἀνηλίῳ]
729 2498 996 2540 Scribendum
1019 2500 1180 2554 ἀναλίῳ.

420 2566 571 2620 λάμπᾳ]
600 2565 751 2617 λάμπαι
787 2567 851 2607 Μ.
884 2565 982 2607 Ald.
1016 2566 1126 2606 Rob.
1163 2566 1273 2607 unde
1299 2567 1458 2620 λάμψαι
1492 2569 1629 2608 Turn.
1660 2567 1801 2623 steph.

364 2633 500 2687 λάμπᾳ
527 2632 647 2673 lectio
676 2633 728 2673 ab
756 2633 966 2689 Stephano
992 2642 1236 2674 memorata:
1267 2648 1361 2689 quae
1383 2649 1479 2674 vera
1497 2644 1572 2684 est,
1594 2633 1668 2674 nisi
1689 2634 1804 2689 quod

366 2700 474 2754 λάπᾳ
502 2699 761 2740 scribendum
790 2715 884 2740 cum
905 2699 1145 2741 Wieselero.
1194 2702 1302 2741 Nam
1335 2700 1438 2741 hanc
1466 2700 1686 2756 legitimam
1717 2716 1804 2742 esse

364 2765 555 2807 vocabuli
573 2765 744 2806 formam
767 2765 955 2820 pluribus
975 2766 1188 2807 docebitur
1206 2766 1247 2806 in
1270 2766 1486 2808 Thesauro
1508 2765 1718 2822 Stephani.

422 2833 518 2888 389.
540 2833 613 2886 οὐχ
633 2832 777 2887 ἅζεται]
799 2833 844 2874 οὗ
863 2833 1021 2887 χάζεται
1041 2833 1183 2874 Guelf.
1205 2833 1314 2875 Rob.

421 2911 518 2954 390.
541 2899 728 2953 δέδοικεν]
755 2898 901 2940 δέδοικε
920 2899 1026 2941 libri.
