1962 3224
365 199 450 240 352
839 200 1331 241 ANNOTATIONES

367 310 410 350 δὲ
440 314 688 364 κηροχρῶτες,
720 312 771 354 ὦς
804 311 1039 363 ἀγάλματος,
1072 311 1232 351 Αὐτοῖσι
1265 310 1546 363 βοστρύχοισιν
1577 312 1798 351 ἐκπεπλασ-

365 374 476 427 μένοι
497 378 706 419 Ξουθοῖσιν
726 377 882 428 ἀνέμοις
901 377 1122 429 ἐνετρύφων
1141 377 1389 428 φορούμενοι.
1412 377 1629 417 Petronius
1649 393 1684 419 c.
1706 379 1796 419 126.

365 442 513 483 citatus
531 457 555 482 a
577 442 820 498 Musgravio
839 442 891 482 ad
913 442 1100 482 Hecubae
1122 441 1268 491 locum,
1291 442 1438 482 mulier
1457 444 1644 484 omnibu-5·
1666 446 1795 485 simu-

365 508 492 550 lacris
522 509 779 550 emendatior.
841 507 953 547 Hinc
983 517 1130 548 matres
1159 507 1348 549 dicebant
1378 508 1430 549 de
1459 508 1603 559 filiolis,
1632 512 1654 551 ὁ
1682 510 1799 553 καλὸς

366 576 523 628 ἀνδρίας
548 592 633 627 μου,
655 590 722 631 my
741 580 881 631 pretty
901 576 1039 629 image
1055 576 1069 613 !
1100 582 1200 614 teste
1221 574 1324 615 Lex.
1348 574 1530 629 Seguier.
1550 590 1590 631 p.
1611 588 1709 631 394,
1732 590 1797 630 29.

371 641 471 694 (vid.
493 642 704 683 Demosth.
727 641 778 681 de
800 642 952 681 Coron.
977 641 1014 692 ᾗ.
1032 641 1118 692 40.)
1177 639 1257 682 Sed
1288 639 1328 680 in
1359 639 1435 681 hoc
1458 641 1547 683 loco
1574 643 1623 685 ὥς
1643 644 1686 683 ἐν
1705 661 1798 696 γρα-

367 712 462 760 φαῖς
490 707 639 748 dicitur
668 716 852 762 respectu
884 705 1029 746 silentii
1060 707 1197 763 potius
1227 722 1350 762 quam
1379 707 1535 751 formae.
1580 710 1797 768 Aristoph.

367 776 475 816 Ran.
501 785 598 829 537.
628 773 900 827 γεγραμμένην
929 773 1044 814 εἰκόν’
1075 774 1249 824 ἑστάναι,
1279 776 1444 827 λαβόνθ’
1476 778 1520 818 ἓν
1549 781 1693 831 σχῆμα.
1727 779 1798 820 ubi

366 841 490 883 schol.
512 842 598 882 ἀντὶ
616 844 683 881 τοῦ
702 842 822 892 μηδὲν
842 841 1020 881 ἀνύοντα.
1051 841 1110 881 ὅτι
1130 842 1309 893 ἀκίνητον
1328 843 1372 883 τὸ
1402 844 1733 896 ἐπιγεγραμμένον
1753 847 1798 902 τῇ

368 910 498 955 εἰκόνι,
520 907 631 963 quod
652 907 704 947 ad
730 907 817 947 haec
843 916 1047 961 postrema
1071 907 1257 948 absurde.
1290 908 1483 950 Philostr.
1506 911 1674 953 Heroio.
1695 927 1735 967 p.
1757 914 1799 954 6.

366 975 494 1017 ἄοινοί
519 990 562 1014 τε
592 974 654 1014 καὶ
683 973 795 1025 ἀργοὶ
824 972 1067 1024 ἑστήξουσιν,
1089 974 1220 1027 ὥσπερ
1248 976 1526 1028 γεγραμμέναι.
1552 977 1621 1018 ubi
1653 978 1798 1020 doctis-

367 1042 492 1083 simus
518 1038 794 1081 Boissonadus
822 1038 1034 1080 commode
1061 1039 1235 1081 advocat
1267 1041 1580 1098 Shakspearium
1608 1044 1800 1096 (Hamlet

370 1122 408 1158 2,
436 1110 495 1162 2.)
527 1108 586 1149 So
613 1106 694 1146 like
722 1119 749 1145 a
778 1106 955 1160 painted
983 1112 1127 1161 tyrant
1155 1108 1350 1162 Pyrrhus
1381 1109 1506 1159 stood,
1537 1109 1636 1150 And
1663 1111 1743 1151 like
1771 1125 1799 1151 a

365 1174 532 1216 neutral
559 1179 598 1214 to
626 1172 692 1213 his
722 1172 805 1212 will
832 1172 916 1212 and
943 1177 1106 1223 matter,
1135 1174 1227 1214 Did
1255 1175 1441 1230 nothing.
1501 1176 1543 1216 N
1546 1191 1590 1216 ec
1621 1176 1798 1218 multum

366 1240 525 1283 abludit
546 1239 648 1280 illud
668 1238 881 1293 Euripidis
902 1239 1050 1279 Phoen.
1074 1249 1168 1292 227.
1188 1239 1258 1281 ἶσα
1287 1239 1317 1281 δ’
1339 1241 1539 1294 ἀγάλμασι
1567 1245 1798 1296 χρυσοτεύκ-

366 1324 456 1355 τοις,
480 1308 614 1360 Φοίβῳ
643 1304 776 1357 λάτρις
806 1306 1009 1357 ἐγενόμαν,
1039 1321 1112 1347 nec
1133 1307 1423 1358 Horatianum,
1454 1315 1594 1350 statua
1623 1311 1797 1351 tacitur-

366 1375 462 1415 nior
496 1374 595 1414 exit.
655 1373 848 1412 Ceterum
884 1371 959 1413 loci
994 1373 1201 1424 sententia,
1233 1389 1327 1429 quae
1361 1374 1602 1431 interpretes
1633 1376 1798 1418 mirifice

367 1440 497 1488 torsit,
518 1439 606 1480 haeo
625 1447 709 1479 est:
744 1439 984 1493 Sacrificum
1009 1454 1202 1496 quemque
1229 1440 1270 1492 (i.
1290 1456 1326 1481 e.
1357 1442 1495 1495 duces)
1527 1448 1638 1483 muto
1666 1445 1798 1485 oculo-

366 1523 462 1549 rum
486 1507 640 1563 eloquio
665 1506 940 1561 compellabat,
961 1521 1059 1562 quos
1087 1521 1191 1562 saepe
1219 1508 1264 1547 in
1289 1509 1445 1562 patriis
1473 1511 1675 1551 conviviis
1703 1525 1799 1551 can-

367 1577 493 1617 tando
525 1574 757 1622 delectarat,
791 1573 889 1612 dum
924 1574 1047 1629 virgo
1071 1588 1188 1629 pura
1222 1587 1314 1614 voce
1347 1575 1570 1616 celebrabat
1594 1578 1799 1631 genitoris

367 1641 816 1696 aevumfilicissimum,
835 1640 931 1680 dum
953 1641 1076 1680 tertia
1079 1641 1215 1694 fiebat
1233 1641 1387 1681 libatio.
1417 1642 1646 1684 BLOMF.

426 1720 520 1760 244.
557 1708 733 1759 ἔμελψεν
769 1706 912 1761 Steph.
962 1707 1127 1757 ἔμελθεν
1162 1706 1302 1747 Guelf.
1337 1706 1438 1748 Ald.
1473 1708 1582 1749 Rob.
1632 1709 1799 1761 ἔμελλεν

364 1776 500 1816 Turn.
559 1774 711 1814 Versus
731 1782 962 1826 corruptus.

419 1842 538 1895 ἁγνὰ]
564 1842 665 1893 ἁγνᾷ
688 1839 943 1880 Schuetzius.

418 1908 648 1961 ἀταύρωτος]
670 1907 838 1964 Eoepers
854 1908 949 1947 viri.
975 1905 1224 1962 Hesychius,
1237 1906 1375 1959 ἄζυγος
1395 1907 1457 1947 καὶ
1475 1907 1678 1959 παρθένος.
1707 1907 1795 1960 παρ’

361 1976 459 2016 ὅσον
480 1976 655 2027 ἐζεῦχθαι
681 1973 818 2026 γάμοις
838 1975 878 2014 αἱ
898 1973 1114 2026 γημάμεναι
1133 1972 1330 2025 λέγονται.
1351 1987 1446 2027 quae
1467 1973 1568 2013 ratio
1587 1973 1799 2014 falsissima

360 2050 433 2082 est.
471 2040 686 2095 Aristoph.
722 2040 823 2095 Lys.
862 2052 959 2092 217.
999 2040 1110 2081 Οἶκοὶ
1146 2039 1176 2080 δ’
1213 2041 1408 2092 ἀταυρώτη
1443 2040 1556 2090 διάξω
1590 2040 1658 2081 τὸν
1691 2041 1795 2091 βίον.

361 2107 555 2149 Eustath.
571 2108 612 2146 in
636 2106 757 2147 Iliad.
778 2109 824 2146 A.
847 2121 888 2161 p.
914 2106 1009 2157 881,
1033 2119 1098 2148 20.
1120 2107 1335 2158 ἀταύρωτος
1354 2107 1465 2159 γυνή.
1495 2108 1518 2158 ἡ
1539 2108 1639 2158 ἄζυξ,
1664 2108 1727 2148 καὶ
1745 2108 1797 2158 μὴ

358 2173 420 2216 ὑπ’
438 2173 548 2225 ἀνδρὶ
565 2172 771 2225 γενομένη,
791 2172 886 2213 ὡσεὶ
906 2173 968 2213 καὶ
988 2171 1153 2223 δάμαλις
1171 2171 1245 2212 ὑπὸ
1265 2173 1416 2224 ταύρου.
1453 2173 1584 2213 Recte
1601 2172 1797 2213 Heinsius

361 2240 517 2281 notavit
555 2239 752 2294 virginem
794 2238 848 2279 sic
883 2237 1032 2288 vocari,
1067 2237 1165 2293 quia
1196 2241 1334 2290 ταῦρος
1367 2247 1427 2279 est
1463 2240 1610 2280 αἰδοῖον
1644 2241 1796 2292 ἀνδρός.

363 2306 591 2347 BLOMF.

417 2374 530 2427 αὐδᾷ]
557 2372 653 2413 αὐδᾶ
674 2373 807 2412 Turn.
833 2395 835 2397 -

418 2450 513 2494 245.
544 2439 818 2491 τριτόσπονδος
847 2438 953 2488 αἰὼν,
975 2438 1079 2479 Sors
1109 2439 1217 2488 vitae,
1249 2451 1340 2494 quae
1369 2439 1532 2479 tertiam
1561 2438 1796 2478 libationem

341 2507 493 2563 fizcere
517 2504 737 2560 permittit.
765 2502 792 2543 i.
818 2518 856 2543 e.
891 2518 986 2558 quae
1018 2504 1094 2545 sub
1127 2504 1254 2545 tutela
1286 2504 1380 2546 Διὸς
1413 2507 1589 2556 Σωτῆρος
1620 2513 1694 2553 est,
1730 2503 1795 2544 cui

357 2572 477 2614 tertia
496 2571 637 2612 libatio
656 2571 793 2611 fiebat.
828 2571 1020 2624 Perfecta
1031 2571 1229 2624 felicitas.
1262 2570 1383 2611 Plato
1405 2570 1565 2610 Phileb.
1586 2585 1626 2626 p.
1649 2583 1717 2624 95.
1739 2572 1794 2610 A.

357 2640 400 2680 τὸ
420 2639 548 2692 τρίτον
569 2640 621 2692 τῷ
642 2639 801 2689 Σωτῆρι.
820 2636 889 2677 ubi
906 2636 1032 2678 schol.
1049 2653 1090 2693 p.
1103 2651 1170 2692 43.
1193 2637 1258 2678 ed.
1274 2637 1496 2678 Ruhnken.
1516 2639 1558 2678 ἐκ
1575 2641 1796 2690 μεταφορᾶς

357 2707 504 2758 εἴρηται
523 2708 599 2744 τῶν
619 2705 662 2744 ἐν
682 2707 765 2746 ταῖς
784 2704 1008 2746 συνουσίαις
1030 2703 1151 2747 ἔθους.
1183 2705 1388 2757 Σοφοκλῆς
1409 2706 1452 2745 ἐν
1473 2705 1661 2758 Ναυπλίῳ
1683 2720 1796 2743 κατα-

357 2771 534 2812 πλέοντι.
571 2772 775 2822 ἔκιρνῶντο
809 2771 884 2822 γὰρ
917 2771 960 2810 ἐν
995 2770 1126 2812 αὐταῖς
1156 2773 1343 2823 κρατῆρας
1376 2775 1491 2823 τρεῖς,
1525 2770 1588 2810 καὶ
1620 2769 1689 2809 τὸν
1721 2770 1795 2820 μὲν

355 2841 507 2889 πρῶτον
528 2836 622 2878 Διὸς
647 2836 866 2887 Ὀλυμπίου
897 2836 959 2876 καὶ
988 2839 1088 2877 θεῶν
1111 2835 1340 2887 Ὀλυμπίων
1364 2837 1516 2889 ἔλεγον,
1543 2835 1611 2875 τὸν
1641 2836 1682 2875 δὲ
1712 2836 1795 2875 δεύ-

355 2919 469 2956 τερον
491 2901 670 2954 εΗρώων,
692 2902 760 2943 τὸν
789 2903 831 2943 δὲ
861 2902 989 2953 τρίτον
1019 2905 1349 2959 Σωτῆρος-ςιιεε
1378 2901 1628 2957 transcripsit
1658 2902 1793 2957 Hesy-
