1962 3224
559 159 648 200 AD
680 157 1216 200 AGAMEMNONEM.
1537 157 1623 199 335

153 285 227 313 nec
262 272 372 313 inest
409 272 591 312 martius
625 270 784 327 vigam
830 273 992 318 contra,
1029 273 1259 309 extremum
1301 268 1482 318 senium,
1506 269 1624 325 flore

152 340 289 381 aetatis
311 340 414 395 jam
446 338 646 389 marcido,
681 337 817 379 tribus
851 336 1032 393 pedibus
1061 336 1232 385 incedit,
1267 349 1343 376 nec
1379 336 1623 392 infirmibus

149 406 375 463 quidquam
397 412 594 463 praestat.
656 405 836 447 Locutio
865 403 1058 445 solemnis
1083 413 1145 445 est
1169 402 1295 456 Ἀρης
1319 403 1490 451 ἔνεστιν,
1512 405 1624 446 inest

150 475 286 530 vigor.
320 473 468 531 Suppl.
491 484 588 530 745.
616 473 720 525 Γυνὴ
746 471 955 525 μονωθεῖσ’
977 471 1105 513 οὐδέν·
1143 471 1212 512 οὐκ
1234 470 1361 512 ἔνεστ’
1378 470 1513 524 Ἀρης.
1548 473 1623 514 So-

148 541 285 598 phocl.
308 541 376 584 El.
395 554 518 598 1243.
542 540 652 596 ‘'Opa
677 558 726 595 γε
751 540 901 594 μέντοι,
932 541 1005 582 κάν
1031 540 1211 594 γυναιξὶν
1238 540 1288 584 ὡς
1302 538 1428 593 Ἀρης
1448 540 1620 583 ἔνεστιν.

148 610 300 668 Eurip.
322 609 471 652 Phoen.
490 623 586 666 134.
603 608 732 663 Ἀρην
753 608 784 650 δ’
801 609 985 650 Αἰτωλὸν
999 609 1044 650 ἐν
1063 607 1245 662 στέρνοις
1266 608 1363 662 ἔχει.
1385 609 1620 652 BLOMF.

204 679 275 720 οὐκ
305 678 365 720 ἔνι
388 678 512 734 χώρᾳ]
535 679 591 719 In
617 692 694 720 suo
721 678 806 719 loco
834 691 918 718 non
947 677 1070 718 inest.
1101 675 1298 733 Anglice‚
1317 677 1357 718 is
1385 682 1457 718 not
1486 678 1534 718 in
1563 679 1621 720 its

138 761 300 804 proper
328 747 461 803 place.
495 745 611 803 quod
647 760 769 788 nemo
802 745 1075 802 interpretum
1106 743 1334 801 perspexit,
1361 744 1437 787 etsi
1467 760 1493 786 a
1521 761 1620 788 vero

145 813 260 856 haud
281 814 404 871 longe
427 814 564 856 abfuit
585 813 858 856 Abreschius.
919 812 1164 855 Callimach.
1186 814 1245 855 H.
1269 812 1364 854 Del.
1382 826 1476 868 192.
1499 817 1616 856 Πλα-

145 881 286 935 ζομένη
310 882 551 937 πελάγεσσι·
582 884 702 926 πόδες
731 881 776 923 δέ
804 883 843 923 οἱ
862 881 933 923 οὐκ
953 881 1013 923 ἔνι
1031 882 1154 936 χώρα.
1186 880 1258 922 ubi
1279 880 1364 922 vid.
1387 881 1557 924 Ernesti
1576 890 1619 924 et

146 949 402 992 Valckenaer.
426 950 480 992 ad
497 951 679 993 Theocr.
694 948 902 992 Adoniaz.
920 965 963 1006 p.
981 951 1082 1005 365.
1099 950 1160 990 A.
1183 949 1385 1007 Xenoph.
1403 951 1558 992 OEcon.
1573 964 1618 1006 3,

144 1030 187 1073 3.
216 1017 242 1070 ἢ
271 1018 331 1061 ὅτι
360 1023 442 1063 τοῖς
470 1021 545 1072 μὲν
571 1020 671 1061 ὅπου
696 1019 837 1073 ἔτυχεν
858 1018 1029 1060 ἕκαστον
1051 1017 1365 1071 καταβέβληται,
1387 1023 1469 1063 τοῖς
1498 1021 1541 1061 δὲ
1572 1021 1618 1062 ἕν

144 1088 254 1143 χώρᾳ
275 1087 424 1129 ἕκαστα
444 1087 667 1141 τεταγμένα
687 1091 820 1128 κεῖται.
853 1087 1086 1128 BLOMF.

204 1166 271 1209 79.
302 1157 349 1197 τό
374 1154 407 1197 θ’
428 1155 662 1209 ὑπεργήρων
683 1154 916 1196 Stanleius:
949 1153 1067 1210 quod
1095 1153 1329 1207 ὑπέργηρων
1348 1153 1614 1197 scribendum

142 1233 231 1265 erat
255 1225 606 1277 προπαροξυτόνως
628 1238 679 1264 ex
708 1222 854 1279 regula
883 1221 1268 1279 grammaticorum,
1289 1221 1344 1263 de
1373 1237 1460 1278 qua
1488 1238 1617 1280 expo-

143 1291 226 1333 suit
258 1290 542 1347 Goettlingius
570 1290 613 1332 in
645 1290 750 1333 libro
779 1290 832 1332 de
861 1299 1035 1332 accentu
1067 1306 1108 1348 p.
1143 1290 1240 1333 288.
1276 1290 1355 1331 τίθι
1383 1307 1458 1344 περ
1486 1290 1616 1345 γήρως

143 1361 208 1401 Μ.
231 1370 272 1402 et
294 1359 396 1401 Ald.
417 1360 494 1401 τίθι
513 1376 588 1413 περ
608 1359 728 1413 γήρος
749 1359 859 1401 Rob.
891 1360 986 1412 τόθη
1001 1376 1076 1413 περ
1090 1358 1219 1413 γήρως
1237 1359 1374 1401 Turn.
1396 1358 1478 1401 τόθ’
1494 1361 1614 1414 ὑπερ-

142 1427 274 1482 γήρων
287 1429 343 1470 Τ.
367 1428 512 1485 Steph.
533 1427 814 1482 τιθίπεργήρως
835 1427 979 1469 Guelf.
1000 1428 1162 1481 τόθίπερ
1181 1427 1309 1481 γήρως
1330 1426 1395 1469 Fl.

199 1496 406 1549 φυλλάδος
433 1496 506 1549 ἤδη
536 1495 905 1553 κατακαρφομένης]
941 1495 1206 1538 Simillimum
1237 1495 1343 1537 illud
1367 1495 1614 1539 Archilochi

139 1564 254 1621 apud
276 1564 497 1621 Hephaest.
518 1580 560 1622 p.
581 1577 654 1620 35.
677 1565 763 1607 Οὐκ
791 1563 846 1606 ἔθ’
868 1565 972 1617 ὅμως
998 1563 1162 1608 θάλλεις
1191 1563 1351 1606 ἁπαλὸν
1369 1565 1485 1619 χρόα·
1518 1565 1610 1619 κάρ-

140 1638 259 1686 φεται
278 1635 355 1687 γὰρ
374 1633 460 1685 ἤδη.
491 1632 670 1675 Nicand.
693 1632 826 1675 Ther.
846 1633 945 1689 328.
974 1632 1125 1685 αὐαλέη
1151 1633 1194 1674 δὲ
1222 1633 1312 1685 περὶ
1337 1632 1432 1687 χροὶ
1459 1639 1610 1688 καρφο-

138 1698 238 1752 μένη
258 1701 343 1753 θρὶξ
363 1701 588 1742 Σκίδναται.
611 1700 788 1742 Hesiod.
810 1702 894 1758 Op.
917 1712 955 1755 7.
978 1700 1158 1754 ἀγήνορα
1178 1700 1333 1754 κάρφει.
1360 1702 1594 1745 BLOMF.

198 1767 265 1810 80.
295 1766 499 1823 τρίποδας]
532 1770 715 1822 τρίποδος
743 1768 809 1810 Fl.
839 1770 895 1810 T.
926 1768 1124 1826 Sphingis
1153 1768 1333 1826 aenigma
1353 1770 1608 1828 AEschylum

138 1835 180 1876 in
213 1844 351 1877 mente
380 1835 574 1878 habuisse
592 1836 789 1893 opinatur
811 1836 1034 1888 Stanleius,
1050 1835 1172 1879 Ἔστι
1191 1839 1330 1880 δίπουν
1351 1838 1415 1880 ἐπὶ
1435 1841 1523 1893 γῆς,
1546 1841 1610 1882 καὶ

137 1902 345 1957 τέτραπον,
366 1905 413 1946 οὗ
431 1905 503 1957 μία
517 1904 643 1958 φωνή,
661 1905 740 1946 Καὶ
757 1906 910 1959 τρίπον.
946 1904 1065 1946 Idem
1087 1906 1249 1947 confert
1270 1906 1423 1963 Eurip.
1446 1908 1609 1950 Troad.

141 1983 192 2026 27
195 1982 236 2027 5.
274 1971 382 2026 Ἐγὼ
426 1973 469 2014 δὲ
509 1975 562 2028 τῷ
601 1974 846 2026 πρόσπολος,
887 1975 914 2014 ὁ
952 1973 1239 2027 τριτοβάμονος
1277 1975 1376 2027 Χερὶ
1416 1976 1609 2028 δευομένα

136 2040 311 2094 βάκτρου
346 2041 496 2096 Γεραιῷ
532 2040 656 2096 κάρᾳ;
705 2042 863 2082 Forsan
901 2056 999 2082 vero
1032 2040 1263 2098 AEschylus
1293 2043 1521 2098 respexerit
1553 2045 1607 2087 ad

138 2106 313 2150 Hesiod.
352 2110 435 2165 Op.
466 2120 566 2164 531.
602 2110 691 2150 τότε
724 2109 769 2160 δὴ
802 2110 955 2162 τρίποδι
985 2112 1119 2165 βροτῷ
1151 2108 1245 2160 ἶσοι,
1280 2110 1372 2151 Οὗτ’
1407 2111 1471 2152 ἐπὶ
1503 2116 1609 2156 νῶτα

138 2176 298 2229 ΡέΡαγε,
321 2176 418 2230 κάρη
448 2175 480 2217 δ’
504 2178 559 2220 εἰς
589 2177 705 2219 οὖδας
734 2177 884 2229 ὁρᾶται,
909 2176 976 2231 Τῷ
1009 2176 1162 2217 Ὲίκελοι
1192 2181 1398 2230 φοιτῶσιν.
1461 2179 1605 2232 Poeta,

135 2243 208 2300 qui
231 2243 414 2285 Cornelii
435 2243 548 2286 Galli
578 2258 728 2285 nomen
760 2259 848 2300 prae
879 2259 921 2285 se
939 2244 1037 2295 fert,
1056 2243 1109 2285 de
1139 2260 1262 2292 sene3
1296 2245 1446 2303 Fitque
1476 2250 1607 2304 tripes

126 2326 311 2367 prorsus
327 2312 658 2370 quadrupesque,
679 2318 725 2353 ut
740 2312 953 2368 parvulus
971 2313 1148 2368 2'7fim«5¹;
1183 2314 1244 2355 Et
1267 2329 1347 2370 per
1371 2316 1606 2359 sordentem

118 2380 265 2435 flebile
283 2382 396 2437 repit
414 2381 602 2422 humum.
624 2380 803 2422 Nicand.
826 2379 1029 2436 Alexiph.
1052 2391 1150 2436 555.
1173 2383 1227 2423 Οἱ
1248 2383 1290 2423 δὲ
1309 2384 1606 2436 περισφαλέον-

134 2463 209 2494 τες,
242 2447 310 2489 ἆτε
338 2447 507 2501 βρέφος,
541 2449 750 2501 ἑρπύζουσι
774 2448 1036 2501 Τετράποδες·
1075 2450 1209 2502 νοεραὶ
1243 2451 1320 2503 γὰρ
1351 2449 1428 2491 ἀπὸ
1460 2452 1607 2505 φρένες

134 2515 418 2567 ἀμβλύνονται.
451 2516 686 2558 BLOMF.

192 2582 260 2624 81.
287 2584 447 2638 ἀρείων]
472 2583 674 2626 Refertur
699 2584 754 2625 ad
780 2584 922 2638 γέρων,
945 2585 1058 2639 quod
1080 2599 1132 2626 ex
1153 2584 1290 2626 verbis
1309 2586 1356 2626 τό
1376 2584 1409 2627 θ’
1431 2588 1602 2642 ὑπέργη-

132 2667 213 2704 ρων
232 2650 502 2707 repetendum
523 2666 611 2693 esse
630 2651 792 2693 monuit
814 2651 1102 2693 Blomfieldus.

191 2719 260 2761 82.
280 2719 576 2776 ἡμερόφαντον]
599 2719 852 2772 ἡμερόφατον
874 2719 936 2759 Μ.
961 2719 1106 2760 Guelf.
1127 2718 1230 2760 Ald.
1252 2720 1367 2761 Rob.

189 2786 484 2842 ἡμερόφαντον]
508 2787 629 2835 Quod
648 2787 836 2828 interdiu
856 2792 1048 2843 apparet.
1100 2788 1260 2828 Contra
1280 2786 1493 2841 νυκτίφοιτ’
1518 2789 1603 2843 (vel

134 2853 380 2909 νυκτίφαντ’)
407 2855 593 2908 ὀνείρατα
613 2853 827 2896 Prometh.
849 2855 945 2908 679.
1005 2853 1151 2896 Minus
1180 2863 1291 2897 recte
1320 2854 1446 2898 vertit
1477 2857 1600 2898 Stan-

131 2921 250 2973 leius‚
283 2923 407 2979 quasi
445 2923 652 2965 somnium
688 2922 904 2972 diurnum,
941 2921 1057 2977 quod
1093 2922 1379 2979 metaphoram
1415 2933 1598 2968 enervat.
