1962 3224
370 184 455 224 524
846 188 1339 231 ANNOTATIONES

367 292 552 346 γενέσθαι
581 295 777 348 Λύκωρον,
809 297 870 337 καὶ
904 297 980 339 ἀπὸ
1016 299 1089 349 μὲν
1118 300 1300 351 Λυκώρου
1339 300 1456 340 πόλιν
1490 299 1726 351 Λυκώρειαν,
1759 297 1805 339 τὸ

368 359 509 412 ἄντρον
529 360 572 400 δὲ
591 361 856 412 ὀνομασθῆναι
876 362 920 402 τὸ
942 364 1136 415 Κωρύκιον
1155 364 1231 405 ἀπὸ
1252 367 1317 416 τῆς
1335 366 1550 419 Νύμφης.);
1582 374 1671 405 tum
1691 364 1805 420 quod

368 426 575 481 Nymphis
603 441 694 468 cum
727 429 840 469 Pane
868 429 1123 485 potissimum
1153 430 1372 472 haberetur
1400 446 1572 473 sacrum.
1601 431 1726 484 Ἱερὸν
1762 432 1806 472 δὲ

369 491 462 532 αὐτὸ
495 494 532 533 οἱ
564 493 653 545 περὶ
686 492 755 534 τὸν
788 495 1033 546 Παρνασσὸν
1067 497 1272 548 Κωρυκίων
1309 513 1351 538 τε
1389 496 1489 538 εἶναι
1526 501 1704 550 Νυμφῶν
1742 498 1806 538 καὶ

368 558 502 601 Πανὸς
538 558 710 610 μάλιστα
740 560 913 611 ἥγηνται.
951 561 1128 603 Pausan.
1161 561 1260 603 ibid.
1321 563 1555 604 Addendus
1594 551 1806 605 Strabonis

365 624 479 666 locus
495 640 531 680 9.
553 640 593 680 p.
609 636 704 679 417.
725 625 974 678 Ἱεροπρεπὴς
993 626 1024 668 δ’
1048 629 1132 669 ἐστὶ
1150 632 1225 671 πᾶς
1245 630 1266 669 ὁ
1287 630 1538 681 Παρνασσὸς,
1561 630 1663 684 ἔχων
1683 631 1804 682 ἄντρα

366 708 410 733 τε
430 693 491 732 καὶ
512 693 619 732 ἄλλα
647 693 771 745 χωρία
800 693 993 744 τιμώμενά
1021 710 1064 734 τε
1094 694 1155 734 καὶ
1185 697 1479 747 ἁγιστευόμενα·
1511 698 1565 737 ὧν
1592 697 1678 738 ἐστὶ
1707 713 1806 749 γνω-

365 759 580 810 ριμώτατον
610 759 671 798 καὶ
702 758 914 799 κάλλιστον
940 758 983 798 τὸ
1011 761 1207 812 Κωρύκιον
1228 765 1404 814 Νυμφῶν
1424 763 1579 814 ἄντρον,
1601 763 1805 814 ὁμώνυμον

366 828 418 880 τῷ
450 825 623 878 Κιλικίῳ.
656 825 875 865 STANL.
934 824 1034 865 Alia
1059 841 1097 866 v,
1124 841 1189 881 ap.
1216 827 1361 868 Elmsl.
1391 827 1444 868 ad
1472 828 1621 884 Eurip.
1653 828 1804 870 Bacch.

424 970 490 1013 23.
523 958 719 1011 φίλορνις]
746 956 905 998 Scilicet
931 956 1062 1007 lucus,
1083 958 1155 1014 qui
1175 968 1338 1001 antrum
1361 960 1582 1016 Corycium
1602 960 1805 1016 cingebat,

366 1024 419 1065 ab
439 1024 583 1065 avibus
603 1024 951 1079 frequentabatur.
985 1025 1117 1065 SCH.

423 1091 615 1142 δαιμόνων
635 1089 882 1145 ἀναστροφὴ]
905 1091 1072 1131 deorum
1095 1091 1396 1142 diverticulum,
1415 1092 1526 1133 locus
1553 1106 1580 1133 a
1609 1093 1692 1133 diis
1711 1093 1807 1146 fre-

365 1163 596 1214 quentatus.
620 1157 748 1197 SCH.
781 1158 1010 1210 ἀναστροφὴ
1031 1158 1174 1213 Steph.
1196 1160 1428 1212 ἆναστροφᾶ
1448 1160 1515 1200 Μ.
1537 1159 1678 1201 Guelf.
1698 1159 1802 1200 Ald.

366 1224 476 1265 Rob.
509 1226 643 1265 Turn.
680 1225 789 1264 unde
819 1225 1065 1277 ἆναστροφαὶ
1096 1226 1150 1266 Τ.
1184 1240 1234 1266 ex
1263 1225 1522 1277 correctione,
1551 1235 1599 1267 ut
1623 1225 1804 1276 videtur,

369 1291 568 1333 Triclinii.

423 1370 488 1410 24.
511 1359 674 1411 Βρόμιος
693 1357 724 1399 δ’
750 1357 797 1411 (δ’
818 1372 898 1399 om.
922 1357 1050 1411 Rob.)
1082 1358 1165 1412 ἔχει
1190 1358 1260 1399 τὸν
1277 1358 1422 1412 χῶρον]
1442 1359 1637 1414 inprimis
1665 1364 1802 1400 autem

364 1424 553 1465 Bacchus
572 1425 678 1464 hanc
696 1426 827 1465 sedem
848 1424 1013 1474 obtinet,
1034 1424 1099 1464 cui
1120 1439 1170 1465 ex
1192 1424 1353 1465 duobus
1374 1423 1562 1464 Parnassi
1583 1423 1804 1466 verticibus

364 1491 537 1532 alterum
559 1505 719 1531 sacrum
738 1491 863 1531 fuisse
882 1500 1052 1532 constat.
1085 1490 1289 1531 Stanleius
1305 1497 1514 1547 comparat
1534 1489 1683 1547 Eurip.
1706 1491 1803 1547 Iph.

369 1559 500 1598 Taur.
522 1573 560 1598 v.
578 1569 698 1612 1243.

592 1637 678 1675 Τᾶν
695 1635 972 1688 βακχεύουσαν
993 1634 1174 1688 Διονύσῳ

596 1701 827 1753 Παρνάσιον
849 1700 1034 1753 κορυφάν.
1096 1701 1227 1741 SCH.

424 1791 448 1821 2
451 1788 492 1833 5.
526 1779 590 1821 26.
622 1778 794 1819 Penthei
824 1777 1013 1818 interitus
1045 1777 1098 1818 ab
1127 1779 1276 1833 Agave
1305 1776 1528 1832 ceterisque
1563 1775 1805 1819 Bacchabus

366 1844 557 1900 discerpti
579 1844 806 1886 luculenter
825 1843 1061 1900 depingitur
1079 1843 1192 1899 apud
1208 1844 1354 1899 Eurip.
1372 1843 1523 1885 Bacch.
1540 1859 1580 1885 v.
1592 1857 1609 1884 1
1620 1857 1637 1884 1
1648 1858 1700 1886 10
1713 1859 1803 1901 sqq.

372 1914 503 1954 SCH.

426 1989 493 2033 25.
514 1978 619 2033 οὗτε]
640 1978 684 2019 οὗ
703 1994 752 2031 γε
772 1979 1003 2019 Porsonus:
1036 1991 1122 2033 quo
1142 1991 1224 2017 non
1243 1991 1358 2032 opus.

425 2047 494 2089 26.
523 2046 634 2098 λαγὼ
659 2044 781 2100 δίκην]
805 2044 918 2085 Sicut
937 2043 1172 2100 lepusculus
1191 2043 1297 2084 enim
1318 2041 1575 2098 discerpitur,
1594 2042 1807 2084 Pentheus

367 2128 391 2153 a
425 2111 666 2154 Bacchabus
698 2110 965 2152 lacerabatur.
1023 2111 1082 2151 Et
1117 2109 1202 2151 visa
1232 2109 1305 2150 sibi
1340 2119 1401 2150 est
1429 2111 1593 2164 Agave,
1627 2109 1728 2150 dum
1761 2109 1805 2151 in

367 2179 496 2220 filium
526 2178 721 2227 irruebat,
741 2177 783 2217 in
812 2176 985 2227 leonem,
1008 2185 1054 2217 ut
1074 2176 1296 2231 Euripides
1314 2175 1343 2216 l.
1362 2175 1410 2226 l.,
1431 2175 1494 2216 vel
1516 2176 1558 2216 in
1576 2190 1735 2231 aprum,
1756 2185 1804 2217 ut

369 2246 544 2287 Ovidius
573 2253 783 2294 memorat,
807 2245 999 2298 (Metam.
1021 2256 1062 2297 3,
1083 2242 1198 2296 715.)
1221 2242 1400 2289 irruere;
1432 2241 1545 2297 apud
1574 2257 1697 2297 quem
1725 2241 1805 2283 alia

369 2311 631 2354 similitudine
659 2310 887 2351 illustratur
914 2308 1086 2350 facilitas
1112 2322 1159 2349 ac
1188 2307 1369 2349 celeritas
1395 2307 1520 2349 sumti
1548 2308 1600 2349 de
1620 2308 1808 2350 Pentheo

371 2378 583 2434 supplicii:

954 2431 1060 2471 Visis
1078 2430 1260 2471 ululavit
1278 2428 1438 2485 Agave,

541 2500 734 2556 Collaque
737 2499 936 2554 jactavit,
957 2499 1159 2552 movitque
1174 2510 1252 2552 per
1270 2502 1370 2536 aera
1387 2497 1555 2543 crinem,

539 2567 576 2606 A
581 2566 820 2620 vulsumque
839 2569 963 2619 caput
980 2563 1130 2618 digitis
1149 2563 1357 2618 complex-a
1374 2563 1558 2603 cruentis

541 2632 732 2673 Clamat:
764 2632 812 2672 Io
831 2631 1010 2679 comites,
1029 2644 1131 2685 opus
1147 2630 1232 2669 haec
1252 2629 1424 2670 victoria
1441 2634 1628 2670 nostrum
1646 2633 1720 2669 est.

539 2700 640 2740 Non
659 2697 967 2751 citiusfiondes
986 2702 1185 2737 autumno
1185 2696 1366 2751 frigore
1385 2701 1515 2736 tactas

538 2765 716 2820 Jamque
735 2762 839 2803 male
857 2762 1059 2802 haerentes
1078 2762 1165 2802 alta
1183 2761 1299 2816 rapit
1316 2761 1462 2801 arbore
1481 2765 1641 2810 ventus,

373 2887 489 2928 SCH
543 2831 677 2879 Quam
694 2835 794 2872 sunt
811 2829 991 2870 membra
1011 2829 1096 2869 viri
1116 2827 1306 2869 manibus
1325 2827 1490 2883 direpta
1507 2826 1714 2881 neflmdis.
