1962 3224
374 203 459 245 364
849 207 933 247 AN
940 205 1343 248 NOTATIONES

429 326 526 370 397.
557 316 625 356 τὸν
655 315 685 356 δ’
718 317 956 370 ἐπίστροφον
985 318 1122 371 τῶνδε]
1157 317 1238 366 Qui
1268 317 1375 357 circa
1407 316 1480 357 has
1512 331 1575 356 res
1608 323 1804 355 versatur.

373 382 604 434 ἐπιμελητὴς
622 398 714 439 exp.
736 384 918 439 Hesych.
941 385 1113 424 Homer.
1136 384 1216 425 od.
1238 386 1284 435 A,
1304 385 1394 437 176.
1427 384 1511 424 ἐπεὶ
1538 383 1683 424 πολλοὶ
1711 383 1805 422 ἴσαν

371 448 507 501 ἀνέρες
525 448 711 501 ἡμέτερον
731 453 783 490 δῶ
797 449 956 497 Ἀλλοι,
980 451 1064 491 ἐπεὶ
1085 451 1147 491 καὶ
1174 455 1296 493 κεῖνος
1323 451 1558 503 ἐπίστροφος
1586 449 1633 500 ἦν
1661 448 1806 500 ἀνθρώ-

370 532 470 565 πων,
487 516 707 556 multorum
725 517 1193 572 hominumfizmitiaris.
1225 516 1493 573 Musgravius
1508 516 1605 557 citat
1621 514 1803 570 Hesych.

368 580 641 635 Ἐπιστροφαὶ.
674 584 879 635 διατριβαὶ,
902 587 1054 631 διαῖται,
1071 585 1271 637 Αἰσχύλος
1291 585 1423 636 Φρυξί.
1447 585 1676 624 Anacreon.
1695 580 1804 621 Ἐπι-

371 648 560 701 στρέφεαι
578 650 744 702 ὑψηλῶν
765 652 935 702 κορυφὰς
959 650 1094 703 ὀρέων.
1155 650 1410 706 Hujusmodi
1439 659 1575 690 autem
1606 647 1802 695 homines,

369 730 499 770 quum
538 715 579 756 in
620 730 759 756 eorum
804 715 1104 772 improbitatem
1148 716 1382 772 inquiritur,
1421 717 1574 757 frustra
1612 714 1803 754 invocant

367 781 490 823 deos:
532 782 593 823 uti
623 782 664 823 h.
684 782 712 823 l.
744 782 847 823 bene
875 782 1167 838 interpretatur
1198 783 1402 824 Pauwius.
1464 782 1530 823 Sic
1563 781 1675 838 apud
1707 782 1800 820 Ho-

367 863 524 890 merum
557 852 597 902 (a
618 850 790 890 Platone
815 849 1027 890 laudatum
1049 850 1186 891 Alcib.
1209 862 1248 901 2,
1270 852 1353 903 21.)
1381 849 1665 891 sacrificiorum
1695 849 1802 887 Tro-

359 916 553 971 janorum
575 916 693 956 nidor
712 916 860 957 coelum
880 917 1034 957 frustra
1052 917 1278 973 petit—rfis·
1297 918 1378 958 οὔτι
1397 917 1479 957 θεοὶ
1497 916 1664 968 μάκαρες
1691 913 1799 954 δατέ-

367 999 457 1023 οντο
488 982 580 1024 Οὐδ’
613 984 764 1024 ἔθελον·
795 983 905 1034 μάλα
936 983 1012 1036 γάρ
1042 989 1141 1036 σφιν
1173 983 1370 1036 ἀπήχθετο
1403 984 1526 1026 Ρίλιος
1559 982 1631 1035 ἱρή.
1690 982 1805 1021 Ante

367 1053 544 1102 καθαιρεῖ
560 1050 888 1091 subaudiendum
911 1051 1009 1093 θεός.
1041 1050 1270 1091 BLOMF.

420 1130 517 1168 400.
540 1118 580 1160 ἐς
600 1118 736 1172 δόμον]
762 1119 815 1161 εἷς
834 1117 942 1159 οἶκον
964 1117 1018 1157 Τ.

420 1184 490 1225 τὸν
511 1185 564 1225 Τ.
597 1189 673 1226 τῶν
691 1185 829 1240 vulgo.

418 1266 515 1304 401.
537 1253 669 1302 ξενίαν
688 1251 900 1307 τράπεζαν]
924 1251 1080 1292 Mensae
1107 1250 1363 1306 participatio
1393 1249 1685 1291 sanctissimum
1707 1247 1803 1289 fidei

363 1318 573 1360 vinculum
601 1320 838 1375 putabatur.
899 1317 1043 1359 Celsus
1072 1317 1185 1373 apud
1206 1316 1374 1372 Origen.
1399 1330 1435 1358 2.
1458 1333 1497 1372 p.
1520 1327 1587 1369 72.
1615 1317 1803 1370 ἀνθρώπῳ

362 1387 436 1438 μὲν
455 1388 476 1426 ὁ
502 1386 739 1437 κοινωνήσας
766 1385 951 1439 τραπέζης
977 1386 1045 1426 οὐκ
1075 1385 1124 1426 ἂν
1154 1385 1254 1440 αὐτῷ
1285 1385 1616 1435 ἐπιβουλεύσειεν.
1644 1382 1711 1423 cui
1740 1397 1803 1422 re-

362 1453 468 1509 gerit
502 1453 700 1509 Origenes
731 1452 971 1494 Archilochi
1011 1467 1171 1493 versum
1211 1451 1253 1492 in
1288 1451 1556 1507 Lycambem,
1585 1448 1736 1502 ‘'Opxov
1769 1450 1800 1489 δ’

364 1521 605 1573 ἐνοσφίσθης
623 1520 762 1574 μέγαν,
785 1520 885 1563 ἅλας
903 1537 946 1561 τε
966 1520 1028 1561 καὶ
1044 1519 1246 1573 τράπεζαν.
1271 1518 1460 1559 AEschin.
1480 1533 1514 1559 c.
1533 1517 1717 1573 Ctesiph.
1735 1517 1802 1557 81.

364 1587 427 1628 καὶ
451 1587 606 1639 κληθεὶς
625 1586 1066 1639 ξενοκτόνος-ἔφησθα
1085 1586 1173 1628 τοὺς
1192 1588 1257 1636 τῆς
1276 1586 1429 1627 πόλεως
1449 1584 1548 1626 ἅλας
1568 1583 1655 1635 περὶ
1672 1583 1804 1623 πλείο-

363 1670 431 1696 νος
449 1653 689 1704 ποιήσασθαι
709 1655 773 1704 τῆς
793 1655 942 1704 ξενικῆς
960 1652 1161 1705 τραπέζης.
1183 1652 1331 1708 Eurip.
1355 1650 1519 1692 Hecub.
1542 1650 1638 1703 781.
1661 1651 1804 1700 Κοινῆς

363 1720 548 1772 τραπέζης
576 1719 768 1762 πολλάκις
797 1721 925 1773 τυχὼν
955 1720 1052 1770 ἐμοί.
1112 1717 1239 1759 Unde
1269 1716 1522 1773 proverbiale
1549 1725 1802 1772 praeceptum

363 1787 462 1829 ἅλας
502 1787 563 1827 καὶ
602 1786 792 1838 τράπεζαν
824 1787 876 1837 μὴ
915 1786 1188 1838 παραβαίνειν.
1246 1784 1401 1825 Zenob.
1440 1797 1473 1834 1,
1511 1785 1577 1824 62.
1615 1782 1684 1823 ubi
1719 1782 1801 1823 vid.

364 1853 521 1894 Schott.
549 1861 590 1893 et
614 1852 863 1894 Valckenaer.
885 1852 1045 1893 Adnot.
1074 1852 1127 1893 ad
1153 1853 1267 1893 Loca
1296 1851 1486 1907 quaedam
1513 1851 1621 1891 N.F.
1642 1865 1683 1905 p.
1704 1860 1801 1904 370.

363 1920 594 1960 BLOMF.

418 1999 515 2037 402.
539 1990 722 2027 κλοπαῖσι
743 1987 798 2027 Τ.
831 1990 993 2029 κλοπαῖς
1012 1986 1151 2042 vulgo.

419 2065 515 2107 403.
547 2053 747 2105 ἇσπίστωρ
774 2053 925 2101 κλόνος,
955 2053 1168 2108 Strepitus
1196 2052 1488 2107 clypeatorum,
1516 2060 1563 2092 ut
1590 2051 1631 2091 in
1664 2050 1800 2091 Theb.

368 2132 460 2160 110.
497 2118 757 2172 ἱππιοχάρμας
791 2119 965 2166 κλόνους,
996 2120 1194 2174 strepitus
1227 2120 1422 2174 equitum.
1482 2116 1589 2157 Dein
1618 2117 1802 2170 λόγχιμοι

362 2188 510 2235 κλόνοι,
530 2186 728 2241 strepitus
747 2185 1015 2226 hastatorum.
1076 2184 1225 2226 Nescio
1248 2199 1299 2225 an
1324 2183 1421 2225 alibi
1441 2183 1666 2238 reperiatur
1685 2183 1799 2224 ἀσπί-

364 2269 480 2305 στωρ.
540 2253 693 2292 Forma
711 2251 843 2292 notior
863 2260 922 2292 est
943 2251 1152 2303 ἀσπιστήρ.
1185 2251 1412 2292 BLOMF.

420 2329 518 2373 405.
542 2318 626 2359 Hic
647 2333 787 2358 versus
807 2317 933 2373 vulgo
957 2317 1000 2358 in
1029 2318 1134 2358 duos
1162 2327 1223 2359 est
1252 2317 1420 2368 divisus,
1441 2331 1619 2372 quorum
1649 2315 1750 2357 alter
1777 2331 1802 2357 a

365 2386 560 2438 ναυβάτας
579 2385 735 2441 incipit.
795 2386 982 2426 Metrum
1004 2385 1081 2426 hoc
1101 2394 1176 2435 est,

706 2483 1321 2535 υέ-,υ-Ιυ--,υ“έ”υ-’“

423 2584 520 2635 406.
553 2583 787 2634 ἀντίφερνον
807 2581 974 2636 φθοράν]
995 2582 1193 2622 Exitium
1220 2582 1325 2622 dotis
1353 2581 1436 2621 loco
1464 2580 1619 2620 datum.
1650 2582 1804 2632 φθορὰν

369 2651 455 2692 ἀντὶ
484 2653 640 2704 φερνῆς.
703 2648 769 2690 Sic
797 2649 905 2689 infra
923 2664 962 2689 v.
983 2661 1078 2704 429.
1111 2648 1284 2700 ἀντήνωρ
1314 2648 1471 2698 σποδός,
1489 2648 1646 2687 cinere?
1673 2647 1802 2688 homi—

367 2735 468 2760 num
487 2719 584 2760 loco.
643 2718 739 2758 Hoc
761 2726 822 2758 est
851 2726 987 2758 autem
1018 2715 1131 2772 quod
1158 2715 1256 2756 dicit
1276 2713 1565 2755 Andromache
1593 2713 1635 2754 in
1664 2714 1803 2755 fabula

367 2785 607 2843 cognomine
626 2800 665 2825 v.
686 2798 780 2840 103.
810 2784 916 2839 Ἰλίῳ
938 2785 1093 2837 αἰπεινᾷ.
1114 2782 1237 2835 Πάρις
1264 2782 1308 2822 οὐ
1328 2781 1467 2834 γάμον,
1491 2781 1596 2822 ἀλλά
1615 2780 1684 2822 τιν’
1706 2781 1803 2822 ἄταν

366 2852 553 2906 Ἠγάγετ’
577 2853 735 2893 εὐναίαν
756 2853 810 2894 εἰς
829 2850 1026 2902 θαλάμους
1044 2849 1228 2890 Ἑλέναν.
1260 2849 1489 2890 BLOMF.

422 2930 520 2974 407.
542 2918 696 2971 βέβακε
716 2917 780 2960 Fl.
810 2917 990 2970 βέβακεν
1009 2916 1158 2974 vulgo:
1189 2914 1303 2971 quod
1321 2913 1610 2957 revocandum.
