1962 3224
382 164 468 207 618
853 164 1351 207 ANNOTATIONES

438 281 534 335 638.
566 281 609 321 ἐν
629 279 783 335 ἄλλοις]
806 281 843 321 1.
866 295 900 321 e.
920 279 963 320 in
983 279 1071 320 aliis
1097 293 1220 334 quam
1243 277 1394 333 quibus
1413 292 1463 318 ex
1483 286 1640 318 naturae
1659 274 1819 331 legibus

381 345 671 387 demetendum
690 346 781 388 fuit.
813 346 1086 387 BUTLER.

438 414 537 466 644.
559 413 841 466 ἀτιμώσαντες]
866 412 1122 464 ἀτιμάσαντες
1140 410 1241 452 Ald.
1264 411 1397 451 Turn.

438 481 536 534 645.
559 481 659 521 Post
679 483 872 532 γυναικῶν
890 493 1047 519 comma
1067 486 1257 533 ponatur.

438 547 535 598 646.
571 545 767 598 πράκτορά
805 562 848 585 τε
886 543 1051 599 σκοπόν]
1089 544 1285 597 πράκτορα
1316 541 1561 598 adjectivum
1602 550 1663 582 est
1697 549 1744 581 ut
1776 540 1818 580 in

379 613 534 668 Agam.
554 625 647 652 111.
680 612 898 652 STANL.

436 681 532 733 649.
581 677 890 729 δυσπολέμητον,
934 677 997 732 ὃν]
1038 676 1166 718 Metti
1204 675 1351 717 vitium
1399 673 1572 715 correxit
1609 673 1818 723 Butlerus,

379 747 639 795 δυσπόλεμον,
662 744 732 785 τὸν
750 769 806 776 —
821 777 831 785 .

436 813 534 866 650.
555 810 613 851 ἐπ’
637 810 813 865 ὀρόφων]
836 811 1042 862 ε’πορόφων
1062 809 1163 850 Ald.
1196 808 1395 860 ἐπόροφον
1415 807 1553 847 Turn.

435 876 661 930 μιαίνοντα]
694 876 839 917 Lectio
868 876 1061 927 absurda,
1080 874 1348 931 probabiliter
1373 882 1552 914 correcta
1580 871 1632 913 ab
1664 871 1817 913 Schue-

379 943 475 993 tzio,
498 943 570 998 qui
593 943 823 985 κοταίνοντα
843 942 1028 999 conjecit.

436 1010 584 1063 ἐφίζει]
608 1009 784 1062 ἑφιζάνει
804 1010 941 1050 Turn.

435 1077 532 1130 657.
561 1075 775 1130 ὑποσκίων]
794 1077 861 1117 Eo
880 1075 994 1132 quod
1021 1075 1082 1116 ori
1109 1090 1184 1117 suo
1207 1073 1517 1130 praetendebant
1535 1071 1652 1114 olivae
1671 1086 1819 1112 ramos.

380 1143 449 1184 Ita
496 1157 623 1198 supra
660 1158 700 1184 v.
739 1153 835 1198 359.
883 1142 1063 1184 κλάδοισι
1102 1142 1326 1194 νεοδρόποις
1364 1139 1573 1182 κατάσκιον
1590 1163 1648 1171 —
1666 1139 1817 1191 ὅμιλον.

380 1209 601 1251 STANL.
630 1209 705 1251 ὑπὸ
726 1211 846 1251 σκίῶν
868 1210 934 1250 Μ.
965 1209 1040 1251 ὑπὸ
1061 1209 1182 1250 σκιὼν
1203 1207 1305 1248 Ald.

435 1277 532 1316 661.
554 1276 768 1317 Lacunam
789 1275 1055 1333 probabiliter
1073 1273 1250 1330 explevit
1270 1272 1477 1314 Heathius
1496 1271 1637 1313 addito
1657 1271 1749 1325 ἔρις.

435 1343 530 1384 662.
561 1341 682 1384 πέδον
710 1346 794 1395 γᾶς.
824 1344 926 1394 ἥβας
955 1343 1178 1383 Porsonus.
1209 1340 1329 1381 πέδον
1357 1343 1425 1383 τᾶς
1451 1339 1555 1391 ἥβας
1583 1339 1650 1381 Μ.
1681 1339 1818 1379 Turn.

376 1407 497 1450 πέδον
515 1410 585 1451 τὰς
602 1408 704 1460 ἥβας
723 1408 824 1451 Ald.
854 1407 975 1450 πέδον
993 1408 1096 1460 ἥβας
1116 1407 1228 1449 Rob.
1253 1405 1395 1462 Steph.

436 1476 535 1530 663.
558 1474 588 1517 δ’
610 1489 689 1516 om.
711 1475 822 1516 Rob.

436 1543 530 1594 664.
551 1540 638 1594 μηδ’
660 1542 880 1584 Heathius.
910 1542 962 1594 μὴ
981 1541 1086 1583 libri.

433 1609 529 1649 666.
561 1608 624 1650 καὶ
652 1608 1082 1663 γεραροῖσι-νέμοιτο]
1103 1609 1164 1649 Et
1186 1622 1274 1648 arae
1295 1608 1463 1648 deorum
1487 1619 1630 1646 senum
1652 1603 1736 1645 scil.
1757 1617 1818 1644 sa-

377 1674 590 1716 cerdotum
628 1676 872 1716 ministeriis
887 1676 1186 1731 frequentibus
1221 1675 1412 1730 affluant,
1445 1673 1693 1728 ignibusque
1723 1671 1822 1711 ado-

376 1743 546 1792 lescant,
567 1748 615 1782 ut
638 1743 738 1782 urbs
764 1748 870 1783 recte
897 1743 1229 1782 administretur.
1258 1741 1418 1794 γεραροὶ
1444 1739 1684 1789 venerandi,
1705 1737 1818 1779 haud

379 1808 505 1850 dubie
543 1808 596 1849 ad
635 1808 862 1849 sacerdotes
900 1809 1089 1864 pertinet.
1150 1806 1414 1848 Incommode
1452 1805 1573 1847 vertit
1613 1804 1742 1846 Stanl.
1780 1810 1821 1845 et

377 1877 577 1917 nobilium
603 1890 718 1917 senes
746 1877 988 1932 recipientes
1011 1876 1151 1929 plenae
1177 1877 1264 1916 sint
1288 1888 1391 1915 arae.
1451 1872 1655 1923 Quoniam
1684 1881 1820 1912 tamen

378 1942 611 1984 sacerdotiis
643 1958 760 1998 reges
790 1957 957 1998 quoque
987 1942 1137 1998 aliique
1168 1941 1429 1998 magistratus
1454 1939 1748 1994 fungebantur,
1775 1937 1818 1978 in

378 2014 581 2063 γεραροῖσι
612 2009 666 2050 ad
700 2010 773 2050 hos
807 2025 975 2065 quoque
1006 2008 1150 2065 respici
1179 2007 1372 2050 credibile
1401 2015 1474 2048 est.
1506 2006 1633 2047 SCH.
1668 2004 1819 2060 Eurip.

379 2075 536 2117 Electr.
558 2087 653 2132 713.
673 2077 726 2118 ab
749 2076 931 2118 Seidlero
953 2086 1226 2132 comparatus,
1248 2074 1412 2126 θυμέλαι
1437 2072 1468 2115 δ’
1491 2074 1694 2114 ἐπίτναντο
1722 2088 1816 2125 χρυ-

381 2142 558 2194 σήλατοι,
582 2147 790 2196 σελαγεῖτο
811 2144 841 2184 δ’
864 2142 922 2184 ἀν’
943 2144 1040 2184 ἄστυ
1059 2146 1134 2195 πῦρ
1156 2143 1370 2194 ἐπιβώμιον
1386 2140 1587 2193 Ἀργείων.

436 2210 533 2265 669.
555 2209 587 2251 θ’
610 2211 660 2253 ὡς
678 2211 792 2253 πόλις
813 2210 954 2266 steph.
975 2210 1006 2250 τ’
1029 2211 1079 2253 ὣς
1097 2212 1210 2252 πόλις
1227 2210 1361 2249 Turn.
1389 2209 1463 2250 τὼς
1481 2208 1596 2248 πόλις
1616 2205 1723 2246 Rob.
1745 2209 1819 2248 τῶς

379 2275 516 2319 πόλεις
535 2276 635 2317 Ald.
655 2284 706 2332 τῷ
721 2277 782 2318 καὶ
801 2278 935 2320 πόλεις
950 2276 1090 2318 Guelf.
1111 2278 1247 2318 πόλεις
1264 2275 1384 2316 etiam
1406 2288 1457 2314 ex
1479 2274 1543 2313 M.
1564 2279 1817 2312 annotatum.

438 2343 534 2396 671.
554 2342 698 2396 μέγαν]
722 2343 824 2395 μέγα
846 2344 909 2383 Μ.
932 2342 1073 2383 Guelf.
1095 2342 1205 2383 Rob.

438 2411 534 2463 672.
564 2410 634 2450 τὸν
662 2409 791 2460 ξένιον
822 2408 852 2450 δ’
886 2408 973 2463 (Δί’
1005 2408 1155 2449 violato
1183 2417 1314 2448 metro
1334 2405 1556 2457 canterus)
1581 2404 1817 2458 ὑπέρτατον]

383 2477 423 2517 Ι.
443 2490 479 2517 e.
508 2490 706 2531 magnum
726 2476 875 2516 Jovem
905 2484 1160 2526 venerentur,
1190 2473 1431 2530 hospitalem
1462 2481 1599 2513 autem
1629 2469 1818 2512 maxime.

382 2542 764 2583 WELLAUER.
827 2543 1024 2598 Suspecta
1048 2551 1108 2582 est
1137 2541 1272 2583 brevis
1299 2540 1340 2581 in
1371 2540 1451 2580 fine
1479 2553 1620 2579 versus
1649 2537 1818 2594 syllaba.

381 2608 600 2661 ὑπερτάτως
618 2608 850 2650 Ahrensius
868 2623 911 2664 p.
935 2609 1001 2651 28.
1023 2608 1170 2650 collata
1197 2607 1458 2649 annotatione
1484 2605 1721 2656 scholiastae,
1742 2609 1820 2646 τῶν

382 2677 577 2729 γερόντων
597 2677 800 2727 σεβόντων
820 2675 889 2716 τὸν
911 2677 990 2717 Δία
1008 2675 1077 2717 τὸν
1097 2675 1226 2726 ξένιον
1244 2674 1472 2728 ὑπερτάτως.

441 2743 540 2797 673.
562 2742 624 2798 ὃς]
646 2742 698 2786 ὣς
717 2742 820 2783 Ald.
850 2743 901 2786 ὡς
922 2742 1032 2783 Rob.

442 2809 568 2864 πολιῷ
598 2810 702 2864 νόμῳ
732 2809 852 2851 αἶσαν
880 2808 1010 2864 ὀρθοῖ]
1043 2807 1281 2859 Scholiasta,
1303 2809 1324 2849 ὁ
1355 2807 1452 2851 Ζεὺς
1475 2810 1527 2863 τῷ
1547 2806 1694 2860 ἀρχαίῳ
1714 2805 1819 2858 νόμῳ

386 2876 430 2918 τὸ
449 2877 540 2918 ἴσον
559 2879 679 2929 τηρεῖ.
1724 2869 1748 2885 ’
