1962 3224
630 192 722 234 AD
754 189 1195 234 CHOEPHORAS.
1563 185 1648 226 435

180 321 274 359 ρων,
298 305 518 359 ὑπεγγύους
546 303 654 356 πλὴν
682 303 869 355 θανάτου,
898 317 1027 360 quum
1055 301 1376 359 spopondissent
1404 314 1448 341 se
1475 299 1646 356 quidvis

179 374 408 423 subituros,
428 377 558 414 morte
577 378 740 414 tantum
761 377 943 428 excepta.
1002 371 1110 412 Haec
1129 368 1321 426 exempla
1339 367 1455 409 dedit
1478 366 1646 409 Schnei-

179 441 268 483 der.
327 441 390 482 Hi
410 450 525 482 vates
543 439 733 494 ὑπέγγυοι
753 449 870 481 erant
890 437 992 480 nihil
1013 453 1096 479 non
1116 437 1204 479 veri
1224 436 1374 478 dicere.
1406 435 1642 478 BLOMF.

235 521 306 562 44.
341 508 500 564 ἄχαριν]
535 507 809 550 Scribendum
841 506 1032 562 ἀχάριτον
1062 521 1156 548 cum
1190 505 1390 547 Elmsleio
1423 504 1478 546 ad
1515 503 1644 561 Soph.

181 577 286 619 OEd.
301 577 391 619 Col.
410 578 504 632 836.
540 578 634 618 Hoc
654 576 763 617 enim
779 575 964 633 postulat
978 591 1122 617 versus
1136 573 1423 631 antistrophici
1438 587 1646 614 mensura.

237 659 308 701 45.
329 649 424 699 γαῖα
443 649 541 697 μαῖα
562 646 629 686 Μ.
647 643 790 686 Guelf.
807 643 910 685 Ald.
929 645 1066 685 Turn.
1083 657 1265 700 quocum
1290 642 1461 684 Schutz.
1485 640 1648 683 confert

182 714 335 770 Eurip.
356 713 490 769 Hipp.
511 715 609 754 601.
631 713 660 754 ὣ
681 716 778 766 γαῖα
796 715 928 766 μῆτερ.
991 711 1130 754 Ceteri
1149 716 1259 766 γαῖα,
1279 714 1389 764 γαῖα.
1446 709 1527 751 Sed
1548 712 1646 761 μαῖα

181 782 345 839 legebat
365 781 595 832 scholiasta,
616 781 688 837 qui
709 781 1006 837 interpretatur
1026 779 1056 821 ‹T›
1076 783 1127 834 γῆ
1146 779 1282 832 μήτηρ.
1309 782 1435 826 Μαῖα,
1457 778 1646 831 προσφώ-

183 869 295 904 νησις
322 851 418 904 πρὸς
446 853 665 903 πρεσβῦτιν
693 848 881 902 τιμητική,
908 848 995 890 ἀντὶ
1025 851 1106 897 τοῦ,
1133 847 1164 889 ὦ
1195 846 1330 901 τροφέ.
1363 846 1550 903 Hesych.
1574 845 1644 887 ubi

182 920 305 976 plura
331 919 493 960 dabunt
522 918 777 974 interpretes.
840 917 934 958 Vox
963 916 1120 958 Dorica
1147 926 1221 957 est.
1282 915 1377 957 Vid.
1411 914 1562 957 Monk.
1593 913 1646 955 ad

184 988 334 1045 Eurip.
357 987 451 1028 Alc.
473 1000 572 1042 403.
606 986 839 1027 BLOMF.

240 1055 401 1109 μωμένα
422 1058 459 1108 μ’
481 1054 614 1096 ἰάλλει
636 1053 855 1096 Stanleius.
885 1055 1020 1106 μωμὲν
1040 1055 1206 1106 ἆμιλλεῖ
1223 1054 1288 1094 Μ.
1319 1052 1482 1106 μωμένα
1508 1055 1650 1105 μιλλεΐ

186 1125 330 1166 Guelf.
354 1124 455 1165 Ald.
479 1122 589 1165 Rob.
614 1122 760 1178 Steph.
790 1120 953 1175 μωμένα
970 1126 1119 1175 μυλλεῖ
1138 1123 1274 1163 Turn.

241 1194 310 1244 46.
331 1204 400 1245 47.
422 1202 462 1233 et
480 1191 549 1246 58.
570 1201 639 1246 59.
660 1189 702 1230 in
726 1205 854 1231 unum
879 1205 1042 1231 versum
1064 1189 1358 1247 conjungendi.

240 1262 312 1313 46.
343 1262 509 1303 δύσθεος
537 1258 653 1314 γυνά]
684 1258 924 1308 Scholiasta,
947 1262 1010 1300 δεῖ
1027 1262 1135 1299 νοεῖν
1155 1259 1216 1299 ὅτι
1235 1258 1280 1299 τὸ
1301 1261 1334 1299 δ.
1356 1276 1395 1311 γ.
1421 1256 1548 1311 ἠρέμα
1567 1274 1649 1300 πως

185 1329 419 1383 ἐφθέγξατο.
451 1327 510 1370 διό
532 1333 644 1381 φησι,
667 1330 870 1380 φοβοῦμαι
888 1329 966 1380 γὰρ
987 1327 1082 1370 ἔπος
1100 1326 1191 1369 τόδε
1212 1326 1443 1379 ἐκβάλλειν.

240 1408 311 1452 47.
334 1399 525 1449 ἐκβαλεῖν
547 1395 768 1437 Stanleius.
801 1395 1020 1447 ἐκβάλλειν
1037 1395 1143 1437 libri.

240 1467 310 1518 48.
331 1467 477 1519 λύτρον
499 1466 715 1506 Canterus.
747 1464 898 1518 λυγρὸν
917 1463 1023 1505 libri.

242 1547 311 1588 49.
333 1534 534 1590 πανοιζὺς]
558 1532 831 1574 scribendum
860 1542 1022 1574 mutato
1043 1541 1217 1574 accentu
1243 1531 1428 1582 πάνοιζυς
1448 1546 1544 1573 cum
1567 1531 1652 1572 Lo-

185 1602 331 1645 beckio
352 1602 534 1658 Paralip.
556 1617 597 1658 p.
621 1612 718 1656 251.

241 1684 312 1727 52.
335 1669 592 1725 καλύπτουσι]
614 1670 882 1710 καλύπτουσιν
902 1668 1189 1710 Blomfieldus.
1250 1667 1345 1709 Vid.
1366 1667 1419 1709 ad
1442 1683 1481 1709 v.
1503 1670 1572 1721 64.

242 1753 314 1795 54.
335 1738 535 1791 ἀδάματον
556 1739 840 1779 Hermannus.
871 1736 1096 1790 ἀδάμαντον
1115 1736 1222 1778 libri.

244 1807 371 1859 σέβας
409 1821 491 1848 non
527 1818 603 1856 est,
639 1817 687 1847 ut
721 1804 959 1846 scholiastes
992 1805 1255 1861 opinabatur,
1289 1804 1519 1846 reverentia
1552 1819 1652 1861 erga

187 1877 563 1932 Agamemnonem,
599 1874 672 1916 sed
703 1874 794 1931 ipsa
817 1874 1146 1930 Agamemnonis
1177 1873 1381 1929 majestas.
1443 1873 1511 1915 Sic
1542 1874 1650 1915 enim

188 1959 299 2000 saepe
326 1943 467 1995 σέβας,
497 1954 544 1984 ut
567 1944 641 1995 βία
663 1941 874 1984 Ἀλκινόου
903 1942 1018 1999 apud
1046 1943 1295 1983 Homerum.
1340 1943 1551 1998 questas
1577 1943 1653 1983 illa

188 2014 308 2070 regis
346 2027 480 2070 nuper
515 2012 875 2068 inexpugnabilis,
910 2011 1131 2060 indomita,
1165 2011 1340 2060 invicta,
1380 2012 1427 2050 in
1465 2012 1653 2052 omnium

187 2083 343 2123 civium
379 2081 556 2122 auribus
589 2081 824 2136 animisque
859 2085 1042 2129 versata,
1079 2093 1192 2119 nunc
1230 2079 1410 2120 recessit.
1461 2077 1507 2120 δι’
1543 2080 1654 2120 ὤτων

188 2149 367 2206 pertinet
396 2149 451 2190 ad
483 2148 776 2199 celebritatem,
806 2149 930 2190 vivus
965 2148 1164 2189 volitabat
1196 2161 1277 2203 per
1306 2161 1382 2188 ora
1412 2149 1569 2198 virum,
1608 2157 1655 2189 ut

190 2217 318 2258 Ennii
339 2217 451 2258 dicto
472 2227 655 2268 utamur,
677 2216 866 2273 adeoque
885 2216 974 2272 ejus
994 2215 1106 2256 fama
1126 2215 1278 2256 civium
1301 2230 1422 2256 aures
1442 2215 1653 2273 implebat.

191 2288 255 2327 διὰ
274 2290 431 2339 φρενῶν
450 2286 606 2343 accipio
626 2285 679 2326 de
699 2299 838 2326 amore
851 2285 1014 2341 populi.
1049 2285 1180 2326 SCH.

246 2366 317 2409 57.
350 2356 498 2407 φρενός
530 2371 574 2396 τε
607 2354 750 2410 Steph.
783 2353 928 2407 φρένες
962 2370 1005 2394 τε
1037 2353 1102 2393 Μ.
1136 2352 1280 2394 Guelf.
1317 2353 1443 2406 φρένε
1473 2371 1516 2396 τε
1546 2354 1652 2396 Ald.

192 2421 413 2474 φρέννεστε
441 2422 570 2464 codex
602 2421 859 2464 Robortelli:
894 2420 1005 2463 unde
1035 2421 1186 2475 φρένας
1214 2438 1257 2462 τε
1282 2421 1392 2463 Rob.
1424 2426 1583 2475 φρενῶν
1612 2440 1656 2464 τε

195 2490 331 2530 Turn.

250 2557 319 2612 58.
342 2558 573 2613 ἀφίσταται]
598 2560 840 2612 ἆμφίσταται
860 2559 926 2599 Μ.

248 2639 319 2681 59.
354 2625 430 2679 τις]
467 2625 824 2682 Clytaemnestram
861 2626 974 2668 dicit.
1035 2628 1136 2668 Post
1173 2627 1352 2681 εὐτυχεῖν
1382 2642 1542 2668 comma
1575 2643 1649 2684 po·

193 2702 330 2734 natur.

249 2764 318 2803 60.
341 2763 385 2803 ἐν
403 2761 580 2815 βροτοῖς]
607 2762 815 2814 ἐμβροτοῖς
836 2762 901 2802 Μ.
938 2763 982 2803 ἐν
1001 2766 1183 2814 βροτοῖσι
1206 2762 1316 2803 Rob.

250 2847 293 2872 τε
314 2831 378 2871 καὶ
398 2829 506 2884 θεοῦ]
528 2846 571 2870 τε
592 2833 712 2870 σθεοῦ
734 2829 836 2870 Ald.
868 2847 911 2871 τε
931 2833 1022 2871 θεοῦ
1043 2831 1180 2870 Turn.

251 2902 343 2940 θεοῦ
372 2897 514 2952 πλέον]
553 2898 666 2954 Sept.
686 2908 785 2953 529.
817 2899 960 2950 ὄμνυσι
989 2896 1020 2939 δ’
1042 2897 1189 2952 αἰχμὴν
1207 2895 1256 2948 ἣν
1277 2896 1361 2951 ἔχει
1383 2899 1541 2949 μᾶλλον
1561 2900 1654 2939 θεοῦ
1734 2951 1738 2955 ¹

196 2967 336 3019 σέβειν
354 2967 629 3010 πεποιθώς-.

895 3047 919 3089 3
946 3047 960 3073 1
985 3045 1008 3075 2
