1962 3224
347 194 430 237 392
700 229 702 231 ,
821 195 1314 238 ANNOTATIONES

404 313 499 358 979.
523 305 622 344 Post
639 304 750 345 ἀοιδά
770 319 928 346 comma
948 314 1138 361 ponatur.

405 369 499 422 980.
521 370 750 411 ἀποπτύσαι)
772 371 1052 412 Casaubonus.
1084 372 1309 414 ἀποπτύσας
1325 369 1463 426 vulgo.
1495 370 1714 412 ἀποπτύσαι
1729 370 1782 409 Τ.

348 450 443 476 cum
463 435 520 491 gl.
542 436 645 477 ὥστε
665 437 888 488 ἀποβαλεῖν
907 440 1030 477 τοῦτο.

405 501 535 556 δίκαν]
559 504 696 544 Instar
716 503 859 544 somnii
878 502 990 558 quod
1012 511 1316 544 averruncatur.

407 569 502 623 982.
525 570 593 617 ἵζει
616 569 810 624 Scaliger.
841 570 913 620 ἵξει
932 569 1039 609 libri.

406 635 503 689 983.
533 634 675 688 χρόνος
704 634 734 676 δ’
758 636 862 692 ἐπεὶ]
896 637 1002 676 Haec
1030 636 1154 676 verba
1180 635 1222 676 in
1251 635 1483 691 proximum
1506 649 1665 676 versum
1691 644 1785 675 sunt

351 701 630 742 transferenda
649 711 690 742 et
708 702 749 742 in
771 702 1031 757 antistrophe·
1046 703 1141 757 996.
1161 701 1430 755 τελεσφόροις.

407 767 506 822 ἐπεὶ]
529 768 592 808 ἐπὶ
613 769 666 808 T.

407 834 504 887 984.
526 831 798 887 ξυνεμβόλοις]
824 833 1092 874 Scribendum
1114 838 1374 885 ξυνεμβολαῖς
1389 848 1482 874 cum
1500 834 1536 873 Ι.
1551 833 1606 874 Gr.
1625 832 1789 873 Schnei-

350 899 450 939 dero
469 899 509 939 in
534 899 701 940 Lexico.
747 901 862 940 Pers.
883 902 981 955 396.
1009 901 1134 950 κώπης
1161 899 1339 952 ῥοθιάδος
1367 903 1589 956 ξυνεμβολῇ
1620 900 1789 940 ἔπαισαν

352 965 492 1017 ἅλμην.

409 1032 504 1086 985.
526 1032 622 1085 986.
645 1043 686 1072 et
703 1030 744 1071 in
766 1032 1020 1088 antistropho
1045 1033 1140 1087 998.
1163 1045 1260 1087 999.
1290 1033 1330 1074 in
1363 1047 1492 1074 unum
1512 1048 1674 1074 versum
1696 1048 1789 1074 con-

345 1097 564 1154 jungendi.

409 1165 505 1218 985.
526 1164 705 1217 ψαμμίας
726 1163 869 1207 ἀκάτας
886 1163 1028 1216 (ἀκάτα
1048 1166 1083 1205 F
1086 1164 1113 1205 l.
1145 1164 1307 1208 ἀκάτους
1327 1165 1516 1206 Bothius.
1548 1163 1664 1208 ἀκτάς
1682 1166 1790 1221 Tyr-

353 1231 550 1284 whittus.)
569 1230 799 1283 παρήβησεν
819 1230 1028 1284 (παρήβησ’
1047 1232 1142 1285 Τ)]
1164 1232 1298 1272 Locus
1317 1241 1547 1288 corruptus.
1580 1232 1790 1287 Equidem

353 1297 573 1353 legendum
593 1296 763 1352 conjicio
778 1296 920 1350 χρόνος
939 1297 969 1338 δ’
985 1298 1374 1351 ε’πεὶεπρυμνησίων
1389 1300 1792 1352 ξυνεμβολαὶεψαμ-

353 1366 456 1416 μίαις
476 1365 607 1407 ἀκταῖς
624 1363 774 1416 παρήε
783 1369 927 1415 βησαν.
948 1365 1023 1405 diu
1037 1370 1097 1406 est
1110 1365 1422 1420 quumfunium
1443 1366 1677 1421 ivy'ectiones
1693 1365 1736 1418 (i.
1753 1381 1787 1407 e.

337 1432 475 1486 fimes
505 1432 705 1486 adligati)
737 1431 925 1471 litoribus
956 1432 1140 1472 arenosis
1171 1437 1482 1481 consenuerunt,
1510 1431 1593 1472 sive
1616 1438 1788 1487 putrue-

355 1504 470 1548 runt,
494 1508 540 1538 ut
565 1498 671 1539 idem
697 1508 811 1538 sonet
837 1513 928 1538 cum
954 1497 1175 1538 Homerico
1203 1500 1263 1539 καὶ
1288 1498 1332 1548 δὴ
1357 1501 1474 1550 δοῦρα
1503 1497 1652 1549 σέσηπε
1680 1502 1789 1545 νεῶν,

357 1564 418 1605 καὶ
438 1562 590 1616 σπάρτα
609 1563 808 1605 λέλυνται.
841 1564 960 1605 Conf.
982 1580 1020 1604 v.
1042 1565 1133 1606 188.
1165 1564 1244 1605 Sed
1265 1564 1306 1604 in
1327 1564 1563 1620 hujusmodi
1584 1564 1679 1605 locis
1699 1579 1792 1605 con—

349 1631 475 1687 jicere
495 1646 725 1686 possumus,
745 1639 783 1671 et
805 1640 1001 1686 praeterea
1022 1630 1136 1672 nihil.
1170 1631 1396 1672 BLOMF.

414 1699 509 1752 986.
533 1698 630 1751 εὖθ’]
656 1697 733 1738 ἔνθ’
755 1697 821 1738 Fl.

412 1764 508 1819 989.
531 1766 632 1805 Post
652 1765 706 1804 ὥν
726 1763 840 1804 colon
863 1773 1053 1819 ponatur.

413 1843 508 1885 990.
531 1830 601 1871 τὸν
622 1829 652 1871 δ’
676 1829 929 1871 Schuetzius.
959 1829 1060 1871 τόνδ’
1082 1830 1219 1885 vulgo.

413 1899 514 1950 ὅμως
535 1896 750 1938 Stanleius.
781 1897 884 1939 ὅπως
903 1896 1010 1937 libri.

412 1963 593 2018 ὑμνῳδεῖ]
629 1965 830 2019 Correpta
868 1962 1024 2018 syllaba
1062 1962 1194 2018 prima
1224 1961 1379 2003 dictum
1413 1971 1459 2003 ut
1492 1963 1649 2015 ὑμνήσω
1681 1963 1793 2019 apud

358 2031 604 2087 Euripidem
627 2030 775 2071 Bacch.
798 2041 865 2083 71.

414 2111 510 2153 991.
532 2099 708 2150 Ἐρινύος
728 2098 950 2138 Porsonus.
983 2096 1160 2148 Ἐριννὺς
1179 2095 1285 2136 libri.

414 2177 508 2218 995.
528 2164 755 2218 σπλάγχνα]
781 2163 1028 2214 Praecordia‚
1050 2172 1097 2203 ut
1115 2162 1157 2203 in
1179 2161 1365 2218 Choeph.
1385 2175 1483 2217 413.
1503 2163 1681 2204 Eumen.
1699 2163 1792 2217 859.

360 2231 670 2272 KLAUSEN.

414 2298 497 2338 οὔτι
519 2297 799 2337 Casaubonus.
830 2298 934 2337 οὔτοι
953 2295 1059 2336 libri.
1267 2334 1278 2345 ,

416 2365 510 2418 996.
546 2363 641 2415 πρὸς
673 2364 831 2415 φρεσὶν,
868 2370 914 2402 ut
952 2361 1046 2414 πρὸς
1083 2363 1126 2402 δὲ
1161 2362 1293 2416 καρδίᾳ
1330 2360 1458 2414 φόβος
1497 2361 1605 2416 ᾅδειν
1644 2363 1795 2415 ἕτοιμος

360 2429 546 2484 Choeph.
568 2441 686 2480 1024.
719 2429 940 2469 KLAUS.

415 2495 669 2549 τελεσφόροις
704 2496 839 2550 δίναις]
879 2495 1103 2536 Anxietate
1141 2504 1290 2535 certam
1330 2495 1596 2550 praesagiente
1626 2506 1795 2537 eventus

358 2563 568 2605 rationem.
600 2564 861 2614 κυκλούμενον
881 2562 973 2615 κέαρ
991 2561 1242 2617 appositione
1257 2561 1444 2601 additum
1461 2561 1547 2602 voci
1567 2561 1793 2616 σπλάγχνα.

359 2632 508 2685 Neque
537 2630 644 2670 enim
673 2638 768 2685 apte
797 2629 876 2670 dici
905 2637 1065 2684 poterat
1085 2626 1299 2680 σπλάγχνα
1320 2628 1571 2679 κυκλούμενα,
1592 2628 1690 2683 quia
1715 2629 1794 2669 dis-

358 2696 481 2753 plicet
510 2696 646 2752 imago
677 2697 875 2737 viscerum
915 2695 1276 2736 circumactorum:
1323 2694 1411 2735 haec
1444 2694 1638 2736 dicuntur
1668 2699 1796 2735 κελαι-

360 2766 536 2813 νοΰσθαι,
557 2762 622 2803 vel
640 2762 717 2803 tale
736 2762 851 2818 quid.
883 2763 1104 2803 KLAUS.

555 2828 692 2845 δ’),

360 2895 564 2950 antiquior
583 2903 644 2935 est
663 2909 787 2949 quam
809 2894 874 2935 Fl.
897 2893 1070 2935 servavit
1090 2895 1121 2934 δ’
1144 2896 1184 2944 ἐξ
1203 2895 1311 2945 ἐμᾶς,
1330 2891 1478 2933 omisso
1497 2907 1543 2932 τι.
