1962 3224
341 195 427 235 542
815 196 1311 238 ANNOTATIONES

340 305 486 361 fragm.
509 305 769 362 Melanippes
787 305 1046 348 obversatum
1067 322 1152 348 esse
1172 316 1278 349 recte
1300 306 1461 363 judicat
1479 307 1508 346 J
1512 304 1697 346 acobsius
1722 304 1775 346 ad

343 371 516 413 Anthol.
536 372 616 414 vol.
639 386 682 427 3,
700 386 738 423 1,
759 388 799 428 p.
820 385 912 424 142.
944 374 1075 414 SCH.

401 439 552 494 ἐπωπᾷ]
574 441 722 493 ε’ποπτᾷ,
744 441 798 479 Τ.

399 507 533 560 φρενί]
557 509 603 557 τῇ
624 507 742 559 φρενί
760 507 815 546 Τ.
838 506 948 546 Rob.

401 584 493 626 279.
515 573 677 627 φωνεῖν]
698 576 869 626 φρωνεῖν
888 572 990 613 Ald.
1011 572 1120 613 unde
1140 577 1302 626 φρονεῖν
1323 574 1459 614 Turn.

401 641 494 681 280.
516 641 742 692 μαραίνεται
760 639 888 693 χερὸς,
910 641 1169 692 μητροκτόνον
1186 640 1245 694 μ.]
1264 639 1452 695 Speciosa
1465 650 1526 681 est
1545 640 1777 695 conjectura

343 707 373 747 J
375 707 522 748 acobsii
547 707 617 761 (ad
640 706 773 747 Anth.
793 722 854 762 gr.
879 706 956 747 vol.
977 719 1019 760 3,
1043 718 1083 758 2,
1105 721 1144 761 p.
1163 708 1247 760 10.)
1267 707 1342 747 hos
1362 706 1578 748 versiculos
1600 707 1657 747 ita
1683 706 1777 747 scri-

342 773 497 814 bendos
517 783 558 814 et
577 773 886 828 distinguendos
906 773 1196 814 existimantis:

566 842 690 893 βρίζει
708 842 783 893 γὰρ
804 841 897 891 αἷμα
918 840 979 880 καὶ
997 841 1225 892 μαραίνεται
1243 839 1359 893 χρέος

566 908 841 959 μητροκτόνον,
862 908 1012 959 μίασμα
1032 906 1062 947 δ’
1085 907 1275 948 ἔκπλυτον
1294 907 1419 948 πέλει.

343 986 476 1026 SCH.
537 984 657 1026 Conf.
689 984 740 1025 ad
768 1000 806 1025 V.
831 986 924 1026 260.
958 984 1233 1038 Δημοκράυτου
1262 986 1356 1038 ἀρᾶς
1384 985 1503 1026 τίνειν
1531 984 1648 1038 χρέος
1675 984 1779 1026 dixit

342 1050 567 1107 AEschylus
604 1051 691 1107 Ag.
726 1061 825 1105 457.
879 1050 1057 1092 Stanleio
1095 1050 1381 1107 corrigendum
1411 1050 1627 1093 videbatur
1665 1051 1781 1104 χερὸς

339 1121 613 1171 μητροκτόνου,
632 1120 784 1170 μίασμα
804 1117 892 1159 8—-
909 1150 917 1159 .

400 1186 495 1226 282.
520 1186 737 1235 ποταίνιον]
759 1186 980 1226 Piaculum
1009 1201 1031 1226 e
1057 1195 1239 1227 materna
1257 1187 1368 1227 caede
1387 1195 1644 1241 conceptum,
1665 1185 1778 1240 quod

340 1268 478 1294 recens
498 1263 583 1294 erat
602 1262 689 1293 tum
711 1267 841 1308 quum
862 1252 915 1293 ad
929 1252 1135 1308 Apollinis
1154 1253 1351 1309 templum
1373 1252 1617 1302 accederem,
1637 1261 1779 1309 postea

341 1319 543 1361 sacrificiis
562 1319 787 1360 extinctum
808 1329 883 1360 est.
917 1321 1048 1361 SCH.

399 1388 492 1442 283.
532 1386 810 1441 χοιροκτόνοις]
843 1388 1067 1428 Porcorum
1104 1402 1202 1428 usus
1233 1387 1274 1428 in
1309 1387 1511 1429 sacrificiis
1543 1386 1779 1444 expiatoriis

341 1453 437 1495 satis
458 1463 578 1495 notus
598 1463 658 1494 est
679 1453 741 1494 vel
762 1469 813 1494 ex
833 1453 902 1494 illo
923 1453 1060 1495 Plauti
1083 1453 1122 1494 in
1145 1454 1414 1495 Menaechmis
1436 1468 1474 1506 2,
1497 1467 1535 1505 2,
1557 1467 1617 1507 14.

738 1533 846 1572 ΜΕ.
878 1531 1077 1587 responde
1097 1531 1195 1572 mihi

398 1597 664 1648 Adolescens,
686 1598 838 1653 quibus
856 1598 921 1639 hic
941 1598 1080 1654 pretiis
1101 1598 1211 1653 porci
1232 1608 1410 1640 veneunt

400 1665 512 1706 Sacri
531 1665 703 1706 sinceri?
735 1666 832 1706 CY.
853 1666 1036 1706 Nummo
1057 1680 1152 1706 uno.
1185 1666 1291 1706 ME.
1313 1667 1380 1706 En
1402 1681 1425 1706 a
1445 1680 1510 1707 me
1529 1666 1690 1722 accipe!

398 1733 428 1772 J
432 1732 512 1773 ube
533 1742 573 1773 te
592 1731 694 1788 piari
717 1733 766 1773 de
786 1747 875 1773 mea
895 1732 1079 1788 pecunia,

398 1799 507 1839 Nam
526 1814 603 1854 ego
622 1798 787 1854 quidem
809 1799 994 1839 insanum
1017 1814 1101 1839 esse
1122 1808 1160 1839 te
1180 1806 1290 1839 certo
1311 1798 1406 1839 scio.

344 1869 454 1910 Ibid.
477 1885 515 1910 v.
535 1870 602 1924 38.

509 1943 539 1983 J
543 1943 681 1992 ubeas,
703 1942 735 1982 si
756 1942 900 1998 sapias,
921 1941 1136 1997 porculum
1157 1941 1292 1982 afferri
1313 1941 1412 1989 tibi;

510 2011 617 2050 Nam
641 2020 683 2050 tu
705 2008 871 2065 quidem
894 2009 1027 2050 hercle
1046 2018 1156 2050 certo
1176 2023 1256 2049 non
1279 2008 1412 2050 sanu's
1432 2008 1526 2049 satis

512 2075 785 2127 Menaechme,
806 2076 878 2131 qui
899 2091 1007 2117 nunc
1027 2075 1140 2131 ipsus
1162 2075 1376 2117 maledicas
1397 2075 1481 2117 tibi.

341 2153 517 2194 Accedit
537 2164 578 2195 et
599 2154 873 2195 Horatianum
895 2153 997 2194 illud
1021 2155 1152 2194 Serm.
1176 2167 1216 2203 2,
1238 2167 1281 2208 3,
1301 2165 1392 2207 174.

812 2226 993 2267 immolet
1012 2226 1142 2281 aequis

510 2293 594 2333 Hic
614 2308 786 2348 porcum
808 2292 1000 2334 Laribus.

338 2371 527 2425 Uterque
557 2370 608 2411 de
637 2371 787 2411 insanis
808 2370 958 2425 (qualis
977 2370 1102 2410 fuerit
1122 2371 1303 2422 Orestes)
1325 2370 1626 2426 intelligendus.
1686 2372 1776 2412 Lu-

338 2436 521 2478 culenter
549 2436 671 2478 caedis
700 2437 913 2493 expiandae
943 2436 1067 2477 ritum
1097 2436 1288 2478 describit
1308 2437 1505 2494 Apollon.
1526 2451 1568 2491 4,
1591 2450 1685 2491 704.
1708 2438 1779 2480 ubi

338 2503 391 2545 de
411 2506 746 2560 Argonautarum
767 2503 997 2560 expiatione
1017 2504 1071 2545 ob
1091 2504 1348 2546 interfectum
1372 2506 1603 2562 Absyrtum
1626 2505 1737 2562 agit:

510 2579 653 2628 Πρῶτα
671 2577 744 2626 μὲν
764 2575 967 2628 ἀτρέπτοιο
987 2575 1168 2629 λυτήριον
1186 2577 1211 2627 ἥ
1230 2594 1277 2629 γε
1297 2578 1435 2630 φόνοιο

507 2641 712 2693 τειναμένη
734 2642 948 2693 καθύπερθε
969 2641 1063 2684 συὸς
1082 2641 1206 2691 τέκος,
1226 2642 1271 2693 ἧς
1292 2642 1348 2683 ἔτι
1366 2643 1480 2694 μαζοὶ

507 2710 737 2762 πλήμμυρον
755 2710 893 2763 λοχίης
913 2711 955 2750 ἐκ
976 2710 1123 2761 νηδύος,
1147 2711 1276 2761 αἵματι
1295 2714 1431 2764 χεῖρας

508 2776 665 2829 τέγγεν,
688 2775 953 2828 ἐπιτμήγουσα
973 2776 1103 2829 δέρην.

337 2857 548 2911 Interpres
564 2853 759 2895 Graecus:
785 2853 976 2907 Λυτήριον
995 2853 1039 2895 τὸ
1059 2854 1272 2907 καθάρσιον
1291 2854 1414 2908 λέγει·
1445 2854 1468 2895 ὅ
1487 2854 1572 2895 ε’στι
1590 2852 1778 2907 χοιρίδιον
