1962 3224
390 165 474 207 612
862 168 1352 209 ANNOTATIONES

389 291 487 334 493.
506 291 605 332 494.
626 294 676 319 ex
698 293 781 320 uno
799 280 993 320 confictos
1011 294 1097 320 esse
1118 278 1307 335 AEschyli
1329 293 1446 320 versu
1470 278 1562 328 hoe,
1583 279 1830 331 ξύμπεμψον,

393 346 442 388 ὥς
480 345 530 387 ἂν
568 349 668 387 θεῶν
704 348 984 400 πολισσούχων
1024 347 1135 399 ἕδρας
1154 370 1210 376 -
1227 378 1236 387 .
1313 344 1583 401 Interpolatio
1620 344 1745 387 ducta
1779 359 1831 384 ex

392 428 432 454 v,
452 423 551 467 501.

448 493 503 533 49
506 490 547 535 5.
569 479 786 534 ἀσφάλεια]
807 480 1030 532 ἀσφαλείας
1050 479 1116 518 Μ.
1138 478 1240 518 Ald.
1272 479 1475 531 ἆσφαλεία
1495 478 1607 519 Rob.

452 545 482 587 δ’
503 545 547 602 ᾖ]
571 548 612 587 δὲ
634 547 699 587 Μ,
723 545 826 586 Ald.
1212 583 1233 605 o

453 611 622 667 ἄστεως]
646 612 908 654 scribebatur
928 612 1078 653 ἄστεος.
1111 612 1260 653 ἄστεως
1280 611 1345 651 Μ.

451 680 547 734 498.
570 679 730 733 θράσος]
751 678 896 730 θάρσος
918 677 1061 732 Steph.

450 756 549 800 501.
581 746 760 788 ἆστικοὺς
790 746 925 785 Turn.
947 743 1088 799 Steph.
1120 744 1322 786 ἇστίκτους
1350 743 1509 784 codices
1536 751 1578 784 et
1597 742 1700 783 Ald‚
1730 743 1836 784 ἀθίκ-

397 830 484 857 τους
503 813 614 854 Rob.

451 879 732 933 πολυστομεῖν]
752 881 1034 928 παλινστομεΐν
1054 877 1273 917 Dobraeus.

453 957 550 1001 505.
569 947 663 999 ποῦ]
687 947 727 986 τί
745 946 839 986 Par.

453 1018 583 1066 νεμεῖς
604 1014 826 1053 Porsonus.
858 1011 987 1063 νέμεις
1007 1011 1071 1051 Μ.
1094 1010 1201 1051 Rob.
1225 1011 1358 1051 Turn.
1391 1010 1520 1061 νέμοις
1539 1009 1640 1051 Ald.
1664 1009 1806 1065 Steph.

453 1080 550 1134 508.
573 1080 702 1119 Hunc
722 1093 883 1118 versum
905 1078 1030 1118 choro
1051 1077 1238 1118 tribuunt
1259 1076 1359 1118 Ald.
1382 1078 1519 1118 Turn.

454 1149 708 1204 ἐπιστρέφου]
729 1148 950 1201 ἐπιστρέφω
972 1149 1036 1189 Μ.
1061 1147 1202 1189 Guelf.
1224 1147 1323 1188 Ald.
1345 1148 1480 1188 Turn.

453 1226 552 1272 510.
571 1215 780 1269 ἁρπαγαῖς]
802 1215 974 1267 ἅρπαγες
995 1215 1059 1255 Μ.
1082 1213 1222 1255 Guelf.
1245 1213 1344 1254 Ald.
1367 1213 1476 1254 Rob.

455 1282 491 1323 σ’
512 1282 671 1323 addidit
696 1281 911 1322 Porsonus.

454 1351 560 1392 οὗτοι
579 1353 781 1401 πτερωτῶν
802 1350 995 1401 ἁρπαγαῖς
1015 1346 1258 1401 ἐκδώσομεν]
1281 1347 1396 1388 Sane
1413 1361 1488 1387 ‘nos
1509 1352 1546 1386 te
1564 1345 1679 1385 haud
1695 1344 1838 1384 avium

397 1416 605 1472 rapacium
636 1417 803 1471 rapinis
833 1415 1043 1455 trademus
1072 1429 1101 1454 s.
1133 1426 1409 1468 eoeponemus;
1452 1409 1697 1467 proverbiali
1724 1408 1837 1449 locu-

399 1483 523 1531 tione,
545 1482 597 1522 ab
627 1481 880 1537 expositione
904 1479 1105 1520 infantum
1128 1479 1267 1528 ducta,
1287 1494 1382 1534 quae
1410 1478 1451 1518 in
1482 1476 1607 1533 sylvis
1637 1485 1710 1516 aut
1738 1474 1841 1515 lucis

398 1549 536 1590 avium
556 1558 628 1589 aut
648 1549 827 1588 ferarum
848 1547 1054 1589 laniationi
1078 1547 1432 1602 permittebantur.
1495 1545 1561 1586 Sic
1583 1542 1695 1600 apud
1715 1543 1841 1583 Euri-

398 1616 536 1673 pidem
560 1619 716 1658 Creusa
736 1617 787 1658 de
808 1616 890 1657 filio
912 1617 1014 1657 Ione
1035 1632 1072 1657 v.
1094 1628 1191 1669 902.
1215 1631 1304 1671 sqq.

966 1685 1028 1724 καὶ
1049 1687 1118 1724 νῦν
1138 1684 1241 1736 ἔρρει

737 1755 897 1794 πτανοῖς
916 1752 1128 1803 ἁρπασθεὶς
1147 1751 1259 1791 θοίνα

739 1821 829 1860 παῖς
847 1834 914 1869 μοι
933 1819 996 1858 καὶ
1016 1818 1080 1857 σοὶ
1099 1817 1268 1868 τλάμων.

401 1894 441 1927 et
463 1901 500 1927 v.
526 1896 620 1940 915.
642 1886 794 1926 οἰωνοῖς
813 1884 916 1936 ἔρρει
935 1885 1134 1927 συλαθείς.
1167 1884 1299 1924 SCH.

456 1963 553 2007 511.
580 1950 669 1992 ἀλλ’
692 1951 741 2005 εἷ]
769 1952 864 1991 Non
894 1950 1147 1992 admittenda
1177 1959 1263 1991 erat
1291 1966 1316 1991 a
1343 1951 1526 1990 Porsono
1557 1947 1722 1989 Stanleii
1751 1961 1839 1988 cor-

400 2019 526 2061 rectio
555 2018 645 2059 ἆλλ’
676 2019 712 2069 ἦ.
772 2019 824 2059 In
845 2017 1046 2073 ejusmodi
1066 2018 1173 2058 enim
1195 2016 1526 2074 responsionibus
1552 2014 1641 2056 ἀλλ’
1671 2017 1706 2055 εἷ
1732 2013 1841 2054 idem

401 2096 462 2128 est
488 2086 600 2142 quod
626 2085 870 2126 Latinorum
895 2084 997 2140 quid
1022 2091 1159 2125 autem
1187 2086 1225 2125 si
1244 2109 1301 2115 —
1319 2085 1409 2124 —?
1469 2084 1564 2124 Hoc
1589 2081 1716 2138 igitur
1743 2079 1843 2120 dicit

402 2153 561 2195 chorus.
626 2153 735 2200 Quid
764 2157 900 2192 autem
924 2152 962 2192 si
988 2166 1063 2192 uos
1092 2153 1147 2191 iis
1172 2152 1329 2202 tradas,
1349 2152 1421 2207 qui
1440 2150 1686 2191 draconibus
1704 2149 1845 2188 inimi-

403 2223 532 2262 ciores
551 2221 682 2261 sunt?
715 2219 847 2260 SCH.

459 2300 508 2341 51
520 2299 556 2327 2.
581 2286 771 2339 εὔφημον]
793 2286 925 2325 Bonis
944 2289 1089 2324 utatur
1106 2284 1239 2324 verbis
1258 2284 1374 2324 bonis
1394 2283 1527 2324 verbis
1540 2296 1568 2322 a
1587 2295 1649 2322 me
1664 2287 1843 2336 eoecepta.

407 2354 595 2395 BOTH.
628 2351 891 2406 ἐνθυμουμένῃ
914 2350 1169 2391 Schuetzius.

460 2433 557 2475 513.
579 2418 736 2473 φρενός]
758 2417 906 2471 φρένας
926 2417 1102 2458 Bothius
1122 2417 1163 2457 in
1183 2416 1359 2458 editione
1379 2415 1521 2471 prima.

462 2499 560 2541 514.
588 2485 898 2538 ἀεὶ-ἐξαίσιον]
924 2486 1015 2525 Imo
1035 2498 1130 2525 vero
1147 2499 1305 2540 semper
1323 2484 1478 2525 nimius
1497 2489 1535 2524 et
1553 2481 1847 2523 immoderatus

405 2568 555 2611 regum
576 2559 707 2594 metus
727 2551 964 2592 inferiorum
985 2551 1141 2593 animos
1160 2561 1344 2607 occupat.
1377 2551 1507 2592 SCH.

462 2632 559 2676 515.
589 2619 727 2674 φρενί]
756 2618 1001 2674 Legendum
1032 2623 1194 2671 φρενοΰ,
1214 2619 1242 2661 i.
1265 2635 1299 2660 e.
1322 2619 1531 2660 veritatem
1561 2614 1848 2658 admonitionis

406 2700 502 2739 tuae,
524 2703 607 2744 qua
627 2702 690 2727 me
713 2697 821 2727 vetas
839 2701 956 2741 reges
975 2685 1132 2736 timere,
1154 2686 1271 2727 factis
1289 2686 1522 2743 comproba.
1553 2685 1741 2726 BOTH.

461 2769 487 2810 5
499 2766 558 2807 17.
581 2753 809 2808 συγκαλῶν]
836 2752 977 2793 Scribe
996 2752 1213 2806 ξυγκαλῶν.

462 2822 700 2877 518—520.
720 2819 962 2861 exciderunt
981 2835 1034 2860 ex
1056 2820 1121 2860 M.
1142 2829 1184 2861 et
1203 2820 1308 2861 Rob.

460 2890 556 2943 518.
577 2888 720 2940 πείσω]
743 2885 862 2928 πιέτω
883 2886 947 2926 Μ.
969 2887 1064 2928 Par.
1089 2886 1188 2928 Ald.
