1962 3224
651 185 742 226 AD
774 184 1218 227 CHOEPHORAS.
1586 184 1672 227 447

198 309 335 342 tamen
358 299 608 357 agnitionem
641 300 686 341 ἐκ
716 302 993 352 συλλογισμοῦ
1022 313 1105 339 non
1135 297 1404 355 reprehendit
1423 297 1672 340 Aristoteles

198 368 252 410 de
271 370 329 409 A.
348 369 397 410 P.
418 369 481 409 16.
503 367 667 421 τετάρτη
686 369 730 408 δὲ
752 366 1057 422 (ἆναγνώρισις)
1079 367 1103 418 ἡ
1125 367 1169 407 ἐκ
1189 369 1482 420 συλλογισμοῦ·
1515 366 1600 406 οἷον
1628 367 1672 406 ἐν

199 437 438 490 Χοηφόροις,
475 436 535 477 ὅτι
575 436 709 488 ὅμοιός
747 453 805 479 τις
835 435 1044 487 ἐλήλυθεν,
1084 435 1221 487 ὅμοιος
1255 435 1298 475 δὲ
1338 434 1478 484 οὐδείς,
1514 432 1605 474 ἀλλ’
1646 433 1671 485 ἢ

196 504 402 558 Ὀρέστης·
435 505 549 547 οὗτος
569 505 645 557 ἄρα
666 504 849 556 ἐλήλυθε.
893 503 1085 561 AEschyli
1108 502 1460 544 ratiocinationem
1484 501 1673 543 defendit

199 572 431 615 Stanleius:
466 577 494 597 “
516 573 615 614 Non
636 572 745 614 enim
764 572 934 614 Electra
954 588 1005 614 ex
1027 571 1297 613 similitudine
1316 570 1491 612 crinium
1514 570 1672 627 colligit

197 640 386 680 Orestem
408 654 495 680 esse
510 639 583 695 qui
599 639 669 681 τὸν
688 640 919 695 βόστρυχον
935 639 1156 690 dedicavit,
1173 638 1247 680 sed
1267 638 1365 680 satis
1385 648 1482 696 apte
1502 638 1673 680 rationis

197 707 375 749 calculos
401 707 544 764 ponit3
576 708 781 750 neminem
813 707 966 750 scilicet
995 708 1078 750 illic
1107 707 1239 750 crines
1269 706 1574 764 depositurum,
1594 706 1670 748 nisi

196 775 271 832 qui
307 777 669 832 Agamemnonem
714 776 959 833 cognatione
998 792 1130 834 prope
1168 775 1450 832 contingeret:
1503 790 1586 816 non
1628 774 1672 815 id

197 844 400 886 facturam
442 844 822 902 Clytaemnestram,
858 860 934 886 nec
972 861 998 887 a
1037 861 1079 887 se
1118 845 1274 886 factum
1316 859 1430 892 esse3
1484 843 1579 885 ideo
1617 843 1671 885 ab

198 914 346 955 Oreste
376 913 560 956 Electrae
587 913 748 955 simili.''
809 913 930 955 Idem
961 914 1068 956 bene
1094 911 1331 955 observavit
1361 911 1488 954 schol.
1518 911 1560 953 in
1594 912 1670 954 So-

197 982 334 1038 phocl.
356 981 426 1022 El.
449 994 545 1037 909.
566 997 592 1023 a
614 981 797 1023 Stanleio
816 982 980 1024 citatus.
1013 981 1248 1023 BLOMF.

260 1052 352 1104 176.
375 1050 554 1092 αὐτοῖσιν
573 1051 682 1107 ἡμῖν]
705 1052 887 1093 αὐταῖσιν
907 1051 1015 1103 ἡμῶν
1038 1051 1174 1091 Turn.
1201 1049 1348 1105 Steph.
1379 1049 1558 1090 αὐτοῖσιν
1577 1049 1671 1101 ἡμῖν

197 1117 378 1160 breviter
396 1117 555 1159 dictum
576 1133 654 1174 pro
673 1122 759 1162 ταῖς
781 1120 948 1172 ἐθείραις
969 1119 1095 1160 αὐτῶν
1114 1119 1235 1170 ἡμῶν,
1259 1126 1307 1158 ut
1335 1118 1450 1170 κόμαι
1470 1118 1669 1171 Χαρίτεσ-

198 1203 266 1227 σιν
297 1187 428 1238 ὁμοΐαι
457 1185 572 1242 apud
603 1187 839 1227 Homerum
873 1185 926 1228 Il.
955 1190 1000 1237 P,
1028 1198 1098 1241 51.
1130 1197 1171 1227 et
1201 1201 1298 1242 quae
1325 1185 1471 1227 similia
1504 1184 1672 1241 collegit

198 1254 434 1296 Schaeferus
453 1254 506 1296 ad
529 1254 703 1311 Dionys
728 1254 781 1296 de
801 1270 983 1311 compos,
1005 1254 1118 1296 verb.
1140 1269 1182 1311 p.
1204 1265 1296 1307 170.
1354 1253 1528 1295 Monuit
1549 1253 1671 1295 Wel-

196 1322 377 1363 lauerus.

259 1402 353 1445 177.
383 1390 567 1449 μῶν-ᾖ]
596 1393 794 1434 Notanda
817 1397 901 1446 μῶν
919 1392 1135 1450 particulae
1164 1391 1417 1434 constructio
1447 1407 1542 1432 cum
1574 1406 1672 1433 con-

190 1459 395 1516 junctivo,
427 1459 480 1501 de
510 1475 596 1516 qua
628 1460 736 1502 dixit
767 1461 965 1502 Matthiae
997 1461 1189 1503 Gramm.
1224 1462 1264 1515 ξ.
1296 1462 1394 1502 606.
1426 1475 1667 1517 quanquam

198 1528 313 1569 nullo
331 1527 456 1570 allato
475 1528 591 1584 quod
612 1529 710 1571 satis
731 1529 862 1570 simile
882 1537 988 1571 esset
1007 1530 1212 1586 exemplo.

259 1598 352 1638 180.
375 1596 548 1652 ἔπεμψε]
571 1597 754 1652 ἔπεμψεν
775 1599 840 1638 Μ.
864 1598 1008 1640 Guelf.
1029 1597 1136 1639 Ald.
1159 1598 1271 1640 Rob.

253 1666 396 1719 χαίτην
417 1665 561 1721 Steph.
594 1667 659 1707 καὶ
679 1666 749 1718 τὴν
768 1666 864 1708 libri
884 1666 1046 1723 reliqui.

253 1734 420 1788 πατρός]
465 1734 597 1775 Recte
636 1736 758 1788 πατρί
790 1743 1020 1776 correctum
1057 1734 1099 1775 in
1135 1735 1273 1776 Turn.
1314 1734 1460 1791 Steph.
1524 1733 1672 1775 Minus

196 1811 320 1858 aptus
339 1801 549 1859 genitivus
569 1812 645 1855 est,
665 1818 790 1859 quem
820 1802 1012 1844 librarius
1041 1802 1152 1844 facili
1183 1819 1321 1844 errore
1351 1813 1523 1860 propter
1552 1802 1672 1857 χάριν

197 1885 350 1927 ponere
370 1870 521 1927 potuit.

260 1939 353 1979 181.
372 1938 540 1994 ψαύσει]
561 1939 701 1992 ψαύση
723 1937 824 1980 Ald.
847 1939 960 1981 Rob.
982 1939 1127 1981 Guelf.
1148 1958 1171 1992 η
1192 1954 1394 1996 superscr.
1415 1939 1456 1980 in
1480 1940 1545 1980 M.

260 2007 357 2049 182.
387 2006 539 2059 μήποτε
567 2008 721 2061 ψαύσει
749 2007 870 2063 ποδί.]
893 2007 960 2049 Sic
990 2023 1058 2064 ap.
1094 2008 1287 2065 Sophocl.
1318 2007 1390 2049 El.
1414 2023 1454 2049 V.
1481 2009 1557 2063 163
1577 2022 1668 2064 sqq.

198 2074 368 2116 Electra
407 2075 598 2131 queritur
629 2076 819 2117 Orestem
863 2091 905 2117 se
944 2076 1176 2117 rediturum
1219 2075 1453 2133 promisisse
1482 2075 1667 2133 quidem,

198 2157 415 2199 nunquam
437 2152 574 2185 tamen
595 2143 741 2185 redire.
776 2145 911 2185 SCH.

260 2212 354 2267 183.
376 2211 599 2267 προσέστη]
623 2213 817 2265 πρόσεστι
839 2212 984 2254 Guelf.
1009 2213 1149 2253 Turn.
1174 2212 1318 2269 Steph.
1341 2213 1512 2266 πρόσεπι
1531 2213 1635 2255 Ald.

256 2279 435 2336 καρδίας]
459 2281 595 2335 καρδία
618 2279 841 2321 Stanleius.
903 2279 987 2321 Sed
1014 2281 1187 2333 καρδίας,
1207 2280 1408 2322 librorum
1439 2280 1575 2330 lectio,
1597 2280 1668 2322 de-

197 2347 312 2389 fendi
346 2357 507 2404 potest;
556 2348 587 2389 si
622 2356 851 2404 utrumque
883 2347 1114 2404 genitivum
1152 2364 1203 2390 ex
1240 2350 1457 2390 κλυδώνιον
1489 2349 1670 2406 pendere

197 2415 386 2457 facimus.
447 2416 585 2457 Schol.
608 2417 766 2469 καρδίας
787 2417 1028 2458 κλυδώνιονε
1063 2417 1214 2468 κίνησις
1241 2419 1308 2469 τῆς
1337 2420 1462 2472 χολῆς
1491 2421 1557 2470 τῆς
1589 2417 1668 2459 κατ’

201 2483 335 2524 αὐτόν.
359 2483 408 2537 (l.
430 2483 587 2536 αὐτήν.)
620 2484 853 2526 BLOMF.

262 2551 356 2604 184.
389 2552 584 2604 ἐπαίσθην
604 2553 826 2593 Canterus.
858 2553 1025 2604 ε’παίθην
1052 2552 1163 2604 libri,
1185 2562 1340 2609 praeter
1362 2554 1499 2594 Turn.
1524 2554 1670 2611 Steph.

199 2618 273 2675 qui
315 2619 500 2670 ε’πῶσθην
537 2634 588 2660 ex
628 2619 821 2661 lemmate
856 2619 1100 2671 scholiastae,
1133 2621 1206 2677 qui
1246 2621 1427 2678 explicat
1466 2623 1517 2666 ὡς
1554 2622 1673 2675 βέλει

202 2687 422 2740 ἑκρούσθην
443 2687 485 2737 ἐξ
506 2688 687 2730 ἐναντίας
706 2689 973 2740 τιτρώσκοντι.

258 2755 464 2812 διανταίῳ]
488 2755 676 2809 διαλταίῳ
698 2754 831 2796 codex
851 2754 1100 2796 Robortelli.

261 2823 356 2878 185.
380 2824 421 2874 ἐξ
442 2822 627 2875 ὀμμάτων
647 2823 690 2863 δὲ
710 2822 872 2878 διψίων]
898 2837 951 2863 eoe
979 2823 1110 2865 oculis
1138 2829 1278 2865 autem
1298 2823 1372 2866 diu
1403 2840 1492 2881 prae
1519 2824 1675 2868 doloris

200 2890 491 2946 magnitudine
521 2891 644 2932 siccis
675 2896 846 2947 repente
875 2897 1165 2948 prorumpunt
1195 2891 1482 2949 lacrymarum
1511 2900 1672 2950 guttae,

198 2959 287 3001 rivi
310 2973 392 3016 per
410 2959 582 3001 hiemem
610 2959 869 3001 exundantis
888 2959 1043 3001 instar.
1104 2959 1172 3002 Sic
1193 2961 1348 3017 Agam.
1371 2961 1468 3004 816.
1490 2977 1550 3018 sq.
1574 2962 1675 3020 Cly-
