1962 3224
403 194 485 235 626
875 197 1366 239 ANNOTATIONES

402 307 527 349 δόσως
555 321 606 347 ex
637 308 701 348 M.
733 307 970 359 ἆμπετήσαις
999 309 1117 351 δόσας
1149 308 1287 349 Guelf.
1325 308 1563 360 ἆμπετήσαις
1591 309 1704 349 δόσαι
1734 307 1833 348 Ald.

401 373 642 424 ἇμπετήσασ’
663 375 712 416 ὡς
734 373 843 414 Rob.
1052 369 1056 374 ⁴

457 441 552 492 784.
574 440 766 494 ἄφυκτον]
791 440 1093 495 Significatione
1113 442 1244 483 activa
1264 442 1433 483 dictum.

457 506 549 560 785.
580 508 847 560 μελαινόχρως
876 507 1081 547 Pauwius.
1119 509 1370 561 μελανόχρως
1399 506 1502 547 libri.
1565 506 1831 547 Scribendum

398 575 659 627 κελαινόχρως
682 589 775 614 cum
799 573 1060 613 Lachmanno
1086 573 1138 614 de
1157 573 1266 614 chor.
1289 584 1384 629 syst.
1406 589 1446 629 p.
1466 574 1535 625 48.
1596 573 1832 622 Scholiasta,

395 641 419 691 ἡ
447 643 649 694 μεταφορὰ
679 641 755 682 ἀπὸ
786 644 852 691 τῆς
882 640 1097 691 θαλάσσης,
1128 641 1209 691 ἥτις
1239 643 1282 681 ἐν
1313 644 1363 696 τῷ
1397 640 1664 692 ταράσσεσθαι
1697 641 1834 691 μελαί-

396 724 514 748 νεται.

454 775 547 826 786.
578 774 722 825 πατρὸς
751 774 894 814 σκοπαὶ
925 773 1065 829 Steph.
1109 774 1376 825 πατροσκοπαὶ
1406 774 1472 813 Μ.
1506 772 1646 813 Guelf.
1687 772 1831 824 πατρὸς

394 841 516 880 κῶπαι
537 840 647 879 Rob.
678 840 823 892 πατρὸς
848 841 951 880 κόπω
971 839 1074 880 Ald.
1104 840 1248 892 πατρὸς
1270 841 1372 894 κόπῳ
1395 840 1528 880 Turn.
1590 837 1828 888 Scholiasta,

392 905 668 958 προσκοπήσας
688 908 708 946 ὁ
728 906 852 957 πατὴρ
875 906 935 946 καὶ
956 905 1131 957 σημάνας
1152 906 1347 958 ἐτάραξεν.

451 973 545 1024 788.
568 972 800 1026 σαργάναις]
827 972 1094 1013 Scribendum
1118 973 1299 1025 ἀρτάναις
1317 988 1366 1013 ex
1391 974 1483 1012 Par.

450 1050 542 1092 790.
565 1038 650 1093 τῷδ’
675 1041 960 1092 ἐγχριμφθῆναι
980 1038 1130 1093 χεροῖν]
1151 1037 1235 1093 τῷδ’
1259 1040 1476 1091 ἐχριμφθῆν
1499 1039 1762 1091 (ἐγχριμφθῆν
1777 1053 1827 1078 ex

392 1105 486 1145 Par.
516 1109 774 1159 annotatum)
806 1106 934 1160 χροῖν]
959 1106 1103 1146 Veram
1135 1104 1375 1160 scripturam
1404 1106 1500 1159 τῷδε
1523 1107 1721 1157 χριμφθῆν
1740 1104 1832 1157 χροὶ·

390 1172 585 1227 proposui
606 1171 645 1212 in
667 1172 926 1213 annotatione
946 1172 998 1212 ad
1026 1171 1153 1227 soph.
1178 1171 1327 1212 Tracb.
1351 1184 1468 1212 1000.
1491 1171 1560 1212 ubi
1581 1171 1825 1211 infinitivum

391 1238 598 1279 *Eolicum
635 1242 898 1292 καταδερχθῆν
930 1238 1100 1279 restitui.
1143 1237 1234 1292 χροὶ·
1265 1238 1383 1279 etiam
1417 1237 1705 1278 Boissonadius
1738 1252 1826 1278 cor-

389 1305 507 1346 rexit.

444 1382 540 1426 793.
560 1373 722 1427 ὑδρηλὰ]
745 1372 775 1413 δ’
796 1374 944 1424 ὑδρηλὰ
962 1373 1023 1412 Μ.
1041 1371 1140 1412 Ald.
1158 1372 1266 1411 Rob.
1291 1369 1338 1411 δι’
1358 1372 1506 1423 ὑδρηλᾶ
1527 1371 1660 1411 Turn.
1682 1371 1825 1426 Steph.

385 1439 533 1490 ὑδρηλᾶ
562 1438 592 1478 si
625 1448 731 1479 recte
760 1437 924 1493 legitur,
948 1437 1048 1490 νέφη
1075 1453 1125 1478 ex
1153 1437 1394 1493 glossemate
1418 1437 1574 1477 illatum
1598 1437 1647 1477 sit
1670 1452 1826 1477 necesse

385 1504 659 1560 exquisitioris
689 1504 899 1560 cujusdam
932 1504 1133 1553 vocabuli,
1161 1502 1281 1559 quale
1310 1513 1370 1544 est
1401 1502 1580 1556 κύφελλ’,
1610 1503 1721 1558 quod
1753 1518 1825 1559 per

385 1571 486 1623 νέφη
526 1571 730 1627 explicant
764 1571 1031 1626 grammatici.
1091 1572 1157 1611 Eo
1191 1570 1486 1611 Callimachum
1525 1570 1593 1623 (fr.
1630 1571 1748 1624 300.)
1783 1581 1824 1611 et

385 1638 700 1694 Lycophronem
724 1653 761 1677 v.
786 1640 904 1689 1426.
927 1653 1044 1678 usum
1067 1653 1151 1679 esse
1172 1647 1343 1679 constat.

439 1705 631 1759 γίγνεται]
651 1706 799 1757 γίνεται
821 1704 921 1745 Ald.
946 1705 1054 1745 Rob.
1077 1706 1210 1745 Turn.
1235 1705 1376 1759 Steph.
1408 1706 1579 1757 γείνεται
1600 1705 1663 1746 Μ.

440 1783 535 1825 794.
561 1782 654 1825 795.
685 1772 916 1825 iterumque
947 1772 1041 1825 796.
1075 1783 1169 1825 797.
1200 1770 1489 1825 conjungendi,
1521 1770 1753 1826 pariterque
1781 1771 1820 1811 in

383 1836 638 1892 antistropho
659 1837 894 1891 802—805.
1291 1831 1295 1836 ’

441 1916 535 1957 794.
557 1902 580 1953 ἢ
601 1906 744 1946 λισσὰς
766 1903 1011 1959 Sophianus,
1034 1905 1168 1944 Turn.
1194 1903 1338 1959 Steph.
1369 1904 1536 1954 ἡλίσσας
1557 1902 1697 1944 Guelf.
1719 1904 1819 1944 Ald.

381 1969 552 2019 ἥλισσας
573 1970 682 2010 Rob.
705 1970 823 2026 cujus
842 1970 971 2010 codex
991 1971 1183 2021 ἥλησσας.

439 2037 728 2091 ἀπρόσ-δεικτος]
751 2037 884 2093 Cujus
904 2051 1097 2077 cacumen
1117 2037 1171 2076 ob
1197 2051 1395 2076 summam
1424 2036 1677 2078 altitudinem
1703 2053 1821 2078 nemo

381 2102 520 2158 digitis
539 2113 855 2144 commonstrare
875 2113 1020 2159 potest.
1056 2104 1185 2144 SCH.

440 2180 532 2225 795.
566 2173 707 2223 κρεμὰς
735 2171 863 2211 codex
897 2169 1137 2220 Robortelli,
1168 2169 1242 2210 nisi
1273 2170 1383 2225 quod
1416 2172 1557 2222 κρέμας
1583 2170 1726 2212 vitioso
1756 2186 1820 2212 ac-

378 2247 513 2278 centu.
542 2237 684 2289 ἡρέμας
706 2238 844 2278 Guelf.
867 2237 967 2277 Ald.
999 2239 1139 2288 ἐρημᾶς
1161 2238 1293 2277 Turn.
1319 2236 1460 2292 Steph.

437 2305 530 2357 796.
563 2305 703 2356 γυπιὰς
739 2302 930 2358 Scaliger.
975 2304 1114 2355 γυπίας
1147 2302 1251 2343 libri.
1296 2308 1324 2326 ‘⁶
1346 2305 1495 2355 γυπιὰς,
1528 2304 1598 2343 ubi
1634 2304 1818 2344 vultures

376 2372 608 2425 vzidfficarzt.
675 2371 862 2411 Vultures
891 2371 1014 2419 enim,
1036 2380 1082 2410 ut
1108 2369 1164 2410 ait
1186 2369 1290 2409 Plin.
1316 2371 1372 2410 H.
1395 2371 1448 2409 N.
1475 2383 1538 2418 10,
1561 2372 1600 2411 6.
1621 2372 1667 2410 in
1689 2373 1814 2412 excel-

374 2439 551 2478 sissimis
580 2439 754 2492 rupibus
778 2438 1006 2492 nidffi'cant,
1028 2438 1127 2478 adeo
1157 2443 1203 2478 ut
1232 2437 1350 2478 nidos
1379 2452 1517 2478 eorum
1547 2452 1662 2479 nemo
1691 2440 1817 2479 attin-

371 2506 491 2561 gat.''
523 2506 652 2546 SCH.
1876 2556 1879 2560 Δ

430 2572 534 2623 βαθὺ
572 2577 707 2623 πτῶμα
753 2571 999 2626 μαρτυροῦσά
1037 2572 1117 2626 μοι]
1160 2572 1274 2626 Apte
1313 2577 1522 2625 comparat
1563 2571 1815 2613 Abreschius
1879 2566 1885 2576 ⁸

375 2639 569 2679 Juvenal.
602 2640 687 2680 Sat.
714 2652 780 2688 10,
807 2640 898 2680 106.
933 2639 1123 2679 Eoecelsae
1152 2641 1284 2679 turris
1316 2639 1514 2687 tabulata,
1543 2639 1652 2679 unde
1689 2640 1815 2680 altior

372 2712 474 2746 esset
496 2707 644 2754 Casus»,
665 2712 702 2747 et
721 2708 911 2762 impulsae
926 2720 1111 2763 proeceps
1131 2708 1307 2746 immane
1326 2706 1478 2746 ruinae.
1511 2707 1642 2746 SCH.

434 2773 530 2825 798.
570 2772 900 2828 πρὶν-κυρῆσαι]
938 2778 1156 2828 antequam
1187 2771 1319 2811 invito
1352 2772 1491 2811 animo
1527 2772 1573 2810 in
1614 2771 1813 2811 violentas

371 2845 475 2884 istas
514 2845 687 2900 nuptias
726 2844 920 2885 incidam.
983 2843 1224 2884 scholiastes
1259 2842 1382 2882 verba
1417 2841 1471 2882 sic
1504 2842 1670 2897 jungit:
1720 2841 1811 2894 πρὶν

370 2909 495 2962 γάμου
518 2913 676 2962 κυρῆσαι
694 2910 764 2964 βίᾳ
786 2909 983 2962 δαΐκτορος
1002 2910 1168 2962 καρδίας,
1190 2914 1408 2964 antequam
1428 2909 1474 2948 in
1505 2910 1674 2964 nuptias
1703 2909 1807 2949 inci-
