1962 3224
586 206 676 247 AD
708 205 1151 247 CHOEPHORAS.
1520 204 1601 244 441

200 330 270 371 94.
293 329 359 373 95.
389 318 440 361 ὡς
466 316 586 370 νόμος
607 322 773 371 βροτοῖς
798 317 878 359 ἔστ’
900 318 1124 358 ἀντιδοῦναι
1143 319 1250 357 τοῖσι
1268 314 1493 366 πέμπουσιν
1512 314 1606 355 τάδε

143 383 272 439 στέφη
293 384 406 427 δόσιν
426 402 469 427 τε
488 389 566 427 τῶν
587 389 714 427 κακῶν
735 385 916 440 ἐπαξίαν]
939 386 1116 426 Frustra
1136 384 1226 426 haec
1246 383 1444 440 expedire
1470 382 1606 424 conati

142 462 240 494 sunt
269 452 524 509 interpreteS.
557 453 744 496 Elmslei.
764 453 818 495 ad
835 452 986 509 Eut-ip.
1006 451 1177 493 Heracl.
1195 451 1293 506 387.
1312 450 1604 506 corrigendum

143 519 375 572 videbatur,
408 522 459 564 ὡς
489 520 607 574 νόμος
635 526 810 576 βροτοῖς,
844 521 957 563 ἔσθλ’
994 522 1218 562 ἀντιδοῦναι
1252 523 1357 560 τοῖσι
1385 517 1608 571 πέμπουσιν

141 587 234 630 τάδε
254 586 396 642 στέφη,
419 588 532 630 δόσιν
551 607 594 632 τε
615 594 692 631 τῶν
721 595 852 631 καλῶν
881 590 1059 640 ἐπαξίαν·
1095 598 1220 640 recte,
1244 587 1318 629 nisi
1347 587 1461 644 quod
1494 585 1609 628 δόσιν

141 672 190 709 γε
208 671 303 697 cum
328 656 509 698 Stanleio
529 657 718 706 scribere,
741 673 903 699 servare
923 666 1062 698 autem
1085 660 1212 698 κακῶν
1232 655 1426 706 debebat,
1447 654 1500 696 de
1523 670 1609 711 quo

143 732 253 765 recte
277 724 507 777 scholiasta,
527 729 605 766 τῶν
627 730 775 767 κακῶν;
810 725 899 780 παρ’
921 724 1126 767 ὑπόνοιαν.
1159 726 1238 767 ἔδει
1266 727 1343 778 γὰρ
1371 728 1448 766 τῶν
1479 728 1609 766 καλῶν

143 792 282 834 εἰπεῖν.

199 870 270 915 95.
301 859 449 916 στέφη]
477 862 666 913 Coronae,
688 862 843 918 quibus
873 862 1109 920 sepulcrum
1141 862 1399 912 ornabatur3
1430 875 1608 918 quarum

142 926 294 970 diserte
313 930 562 971 mentionem
582 930 681 972 facit
702 930 1018 986 Chrysothemis
1044 931 1158 988 apud
1182 930 1431 987 Sophoclem
1453 929 1608 971 Electr.

146 1011 187 1037 v.
213 997 310 1052 899.

433 1082 519 1124 ἐπεὶ
539 1085 615 1136 γὰρ
634 1083 760 1134 ἦλθον
780 1084 927 1136 πατρὸς
948 1086 1115 1139 ἀρχαῖον
1137 1084 1279 1137 τάφον,

433 1152 510 1203 ὁρῶ
532 1151 707 1203 κολώνης
728 1152 770 1202 ἐξ
790 1151 908 1204 ἄκρας
931 1153 1159 1205 νεορρύτους

432 1221 560 1273 πηγὰς
579 1220 791 1273 γάλακτος,
814 1220 877 1261 καὶ
897 1220 1118 1273 περιστεφῆ
1140 1221 1266 1275 κύκλῳ

434 1287 592 1329 πάντων
612 1287 672 1328 ὅσ’
697 1289 807 1329 ἐστιν
827 1286 979 1329 ἀνθέων
1001 1287 1121 1340 θήκην
1142 1286 1300 1341 πατρός.

148 1407 294 1447 Potest
324 1416 461 1447 tamen
492 1406 630 1455 etiam,
652 1406 767 1462 quod
788 1405 1021 1447 Abreschio
1051 1405 1256 1461 placebat,
1289 1404 1418 1459 στέφη
1447 1405 1616 1447 omnino

147 1473 202 1516 de
225 1475 392 1531 ifflriis
410 1473 598 1531 intelligi.
662 1473 730 1516 Sic
752 1474 948 1530 Sophocl.
970 1474 1125 1516 Electr.
1147 1490 1185 1515 V.
1206 1484 1276 1530 52.
1298 1474 1444 1527 πατρὸς
1463 1474 1615 1525 τύμβον

145 1547 329 1595 λοιβαῖσι
350 1543 412 1585 καὶ
433 1541 664 1596 καρατόμοις
683 1545 840 1599 χλιδαῖς
870 1542 1047 1596 στέφειν,
1077 1552 1118 1584 et
1140 1543 1287 1599 Antig.
1311 1558 1348 1583 v.
1370 1555 1471 1599 437.
1503 1546 1617 1596 χοαῖς

147 1610 218 1653 τὸν
239 1609 354 1653 νέκυν
374 1610 528 1665 στέφει.
564 1612 698 1653 SCH.

204 1689 273 1733 97.
294 1679 471 1733 γάποτον
485 1679 621 1735 χύσιν]
638 1679 834 1733 γαπότους
848 1680 948 1734 χοάς
966 1682 1058 1732 164.
1092 1681 1227 1721 Terra
1241 1679 1459 1720 humorem
1477 1679 1619 1720 bibere

148 1745 300 1788 dicitur
331 1763 367 1788 v.
401 1748 469 1789 66.
502 1747 707 1790 Herodot.
729 1761 772 1801 4,
795 1749 885 1802 198.
917 1749 941 1800 ἡ
969 1749 1248 1800 Λιβύη-οὔτε
1277 1749 1430 1802 αὐχμοῦ
1459 1749 1618 1802 φροντί-

148 1820 270 1864 ζουσα
290 1813 418 1863 οὗδέν,
442 1816 532 1857 οὔτε
551 1817 704 1870 ὄμβρον
728 1815 837 1857 πλέω
865 1820 1025 1867 πιοῦσα,
1049 1816 1270 1868 δεδήληται.
1294 1815 1366 1858 ubi
1387 1815 1470 1857 vid.
1494 1817 1619 1857 Wes-

150 1881 294 1938 seling.
318 1882 455 1924 Theb.
480 1884 574 1924 820.
606 1883 821 1935 βασιλέοιν
850 1883 880 1925 δ’
905 1885 1149 1937 ὁμοσπόροιν
1170 1884 1365 1926 Πέπωκεν
1393 1885 1488 1936 αἷμα
1517 1885 1618 1937 γαῖ’,

148 1948 212 1990 ὑπ’
236 1949 425 2001 ἀλλήλων
446 1952 571 2006 φόνῳ.
593 1952 723 1993 Eum.
746 1953 843 2006 650.
864 1951 1029 2005 Ἀνδρὸς
1062 1952 1092 1994 δ’
1119 1953 1280 1994 ἐπειδὰν
1302 1951 1380 2004 αἷμ’
1403 1952 1621 2008 ἀνασπάσῃ

151 2018 267 2060 κόνις.
300 2018 535 2058 BLOMF.

208 2084 440 2139 καθάρματ’]
466 2085 638 2126 Lustra.
701 2085 910 2127 Sacrificia
939 2086 1135 2128 lustralia.
1179 2086 1358 2140 κάθαρμα
1384 2088 1449 2128 vel
1482 2087 1622 2140 καθάρ-

152 2169 243 2194 σιον
263 2152 395 2194 Attici
425 2152 619 2194 dicebant
644 2152 869 2209 porcellum
902 2169 1027 2210 quem
1056 2154 1099 2195 in
1126 2154 1442 2196 lustrationibus
1462 2155 1621 2196 caedere

151 2219 359 2262 solebant:
392 2220 473 2262 vid.
499 2220 685 2277 Hesych.
713 2220 753 2261 in
781 2237 892 2263 voce.
955 2221 1125 2264 Cineres
1155 2232 1295 2264 autem
1327 2223 1506 2265 victimae
1536 2223 1620 2264 lus—

151 2288 264 2331 tralis
283 2289 324 2330 in
347 2305 441 2332 vase
461 2290 575 2332 fictili
603 2304 655 2331 ex
677 2290 838 2332 aedibus
858 2291 1053 2349 portabat
1079 2291 1265 2333 minister
1297 2295 1618 2348 (nonuunquam

151 2366 263 2398 trans
292 2356 483 2399 fluvium.
546 2358 669 2400 Conf.
703 2357 916 2400 Theocrit.
945 2371 1014 2411 24,
1038 2373 1110 2414 91.
1141 2375 1237 2401 cum
1270 2360 1445 2402 Levitic.
1469 2362 1511 2412 6,
1534 2361 1620 2414 11.)

153 2425 250 2466 Hoc
265 2434 327 2465 est
349 2425 559 2478 καθάρματ’
585 2425 810 2478 ἐκπέμπειν.
848 2426 985 2468 Schol,
1006 2430 1120 2469 τοῦτο
1141 2428 1238 2482 πρὸς
1258 2428 1302 2470 τὸ
1323 2427 1413 2482 παρ’
1435 2428 1620 2480 Ἀθηναί-

153 2509 210 2535 οις
237 2492 336 2535 ἔθος·
368 2493 427 2534 ὅτι
458 2495 710 2546 καθαίροντες
740 2495 868 2536 οἰκίαν
898 2496 1117 2551 ὀστρακίνῳ
1150 2498 1399 2552 θυμιατηρίῳ,
1430 2498 1624 2550 ῥίψαντες

155 2560 200 2600 ἐν
228 2563 315 2602 ταῖς
343 2560 508 2612 τριόδοις
541 2561 584 2601 τὸ
618 2562 828 2614 ὄστρακον,
861 2563 1149 2616 ἀμεταστρεπτὶ
1180 2565 1421 2618 ἀνεχώρουν.
1486 2565 1623 2616 Idem,

151 2625 304 2668 πάλινε
358 2628 412 2671 εἰς
460 2628 632 2669 τούπίσω
683 2628 946 2683 ἀναχωρήσω.
996 2631 1094 2683 πρὸς
1142 2631 1212 2672 τὸν
1251 2631 1446 2684 Ἀθήνησι
1487 2633 1622 2684 νόμον.

153 2694 386 2735 BLOMF.
433 2694 575 2736 πάλιν·
604 2694 610 2752 Ι
638 2698 802 2737 δικοῦσα
843 2696 1094 2752 conjunctim
1138 2699 1276 2739 Turn.
1339 2700 1470 2742 Recte
1506 2700 1623 2740 scho-

151 2761 269 2803 liasta
289 2763 435 2817 στείχω
457 2762 580 2804 πάλιν
600 2762 831 2818 conjunxit.
877 2764 1028 2820 Itaque
1048 2779 1209 2806 comma
1231 2774 1325 2822 post
1347 2768 1494 2822 στείχω
1515 2767 1623 2824 posi-

152 2841 243 2872 tum
264 2831 467 2873 deleatur.

208 2912 275 2954 99.
307 2900 570 2952 ἆστρόφοισιν
600 2898 789 2954 ὄμμασιν]
824 2899 966 2940 Oculis
996 2902 1220 2943 irretortis.
1287 2903 1416 2959 Soph.
1440 2903 1544 2946 OEd.
1570 2905 1621 2946 C.

149 2978 248 3020 502.
275 2965 427 3008 Ἔπειτ’
457 2965 652 3018 ἆφέρπειν
681 2966 898 3020 ἄστροφος,
922 2966 991 3008 ubi
1015 2969 1290 3025 Musgravius
1320 2971 1480 3013 confert
1512 2973 1622 3014 hunc

848 3048 923 3090 31(
