1962 3224
363 177 447 221 498
832 174 1324 216 ANNOTATIONES

362 284 544 334 tandum,
567 284 630 326 ἐπὶ
649 286 734 340 νίκῃ
753 298 863 335 vero,
884 285 1059 325 victoria
1078 288 1304 339 reportata,
1318 282 1432 339 prius
1448 281 1543 323 huic
1558 280 1647 322 loco
1661 279 1797 335 aptius

361 350 562 392 videatur.
593 351 822 392 BLOMF.
1155 343 1160 348 ’

420 417 518 471 871.
548 417 752 471 κέκρανται
781 418 846 458 M.
869 416 1011 473 Stepb.
1060 416 1262 469 κέκραρται
1292 416 1401 457 Rob.
1445 415 1624 467 κέκαρται
1654 412 1794 455 Guelf.

364 483 469 525 Ald.
493 485 627 526 Turn.

419 551 515 606 873.
537 549 726 605 ἀναίτιαι]
749 551 915 591 ἀναίτιοι
935 548 1204 590 Blomfieldus
1223 548 1471 590 dubitanter.

420 617 515 671 875.
538 617 731 657 Personae
751 623 888 657 notam
908 615 1068 657 addidit
1089 617 1223 657 Turn.

416 682 618 738 πανοίμοι]
654 683 776 724 Eheu
809 684 1002 724 omnino!
1038 681 1176 724 Simile
1209 681 1477 736 compositum
1517 694 1599 720 non
1633 678 1797 720 memini

359 747 518 789 vidisse.
550 748 780 789 BLOMF.
838 749 1022 799 πανοίμοι
1053 749 1272 788 Porsonus.
1317 748 1396 787 πᾶν
1427 747 1529 797 οἴμοι
1558 746 1624 785 Μ.
1656 744 1796 786 Guelf.

360 813 464 855 Ald.
487 815 621 854 Turn.
646 813 787 868 Stepb.
817 816 896 854 πᾶν
915 815 1018 865 οἴμοι
1038 812 1148 853 Rob.
1177 810 1268 864 μάλ’
1290 812 1391 863 οἴμοι
1412 811 1613 851 Canterus
1631 810 1796 851 frustra.

416 876 668 933 τελουμένου]
690 878 835 919 Lectio
855 888 1056 934 suspecta.
1086 877 1362 930 πεπληγμένου
1384 875 1637 917 Schuetzius.

419 943 514 996 878.
555 944 796 996 γυναικείους
838 944 904 984 Μ.
945 944 1053 985 Rob.
1077 945 1211 984 Turn.
1260 943 1480 996 γυναικίους
1516 941 1659 983 Guelf.
1695 940 1797 981 Ald.

359 1011 579 1062 γυναικείας
607 1009 750 1066 Stepb.
776 1019 817 1050 et
845 1009 1098 1051 recentiores.
1162 1009 1243 1050 Sed
1267 1009 1371 1049 illud
1398 1017 1576 1064 praestat.
1634 1006 1799 1048 Dicitur

360 1075 527 1131 quidem
557 1091 594 1117 v.
627 1078 722 1119 620.
757 1077 981 1130 γυναικείαν
1018 1077 1190 1128 ἄτολμον
1221 1075 1379 1130 αἰχμάν,
1409 1074 1451 1115 in
1482 1074 1630 1130 Eurip.
1662 1072 1799 1114 Andr.

358 1144 456 1197 362.
487 1145 550 1184 διὰ
578 1144 802 1196 γυναικείαν
832 1143 937 1196 ἔριν;
970 1152 1100 1184 metro
1122 1142 1321 1199 jubente;
1354 1141 1425 1182 sed
1449 1141 1490 1182 in
1513 1157 1551 1183 v.
1571 1141 1667 1195 948.
1687 1140 1796 1196 ejus-

360 1208 452 1249 dem
475 1208 627 1250 fabulae
646 1208 845 1250 habemus
873 1211 941 1253 τὰς
965 1209 1207 1262 γυναικείους
1236 1209 1387 1251 νόσους.
1438 1209 1594 1249 Contra
1621 1207 1663 1247 in
1695 1206 1800 1247 Inus

358 1273 507 1329 fragm.
554 1287 587 1314 1.
623 1273 653 1315 ῶ
692 1280 909 1327 γυναικεΐαι
943 1275 1099 1328 φρένες,
1138 1275 1252 1331 quod
1291 1282 1425 1316 tamen
1466 1272 1619 1315 Stobaei
1656 1272 1799 1314 scribae

360 1338 500 1380 deberi
529 1348 675 1395 potest.
726 1340 932 1382 Dicebant
960 1341 1103 1397 tragici
1133 1342 1301 1394 ἑρκείους
1332 1342 1471 1388 πύλας,
1511 1342 1653 1396 (supra
1680 1340 1796 1394 561.)

361 1405 540 1449 αὐλείους
559 1407 697 1454 πύλας,
720 1408 870 1463 Eurip.
892 1407 993 1448 Hel.
1013 1418 1111 1462 445.
1138 1409 1298 1461 φροντὶς
1326 1409 1480 1454 οἰκεῖος,
1512 1406 1678 1448 Heracl.
1701 1407 1796 1460 634.

357 1478 399 1512 et
428 1470 507 1511 alia
536 1471 704 1519 similia3
749 1472 860 1514 unde
894 1473 971 1515 hoc
1006 1484 1167 1515 tantum
1201 1473 1361 1529 colligo,
1397 1488 1484 1524 eos,
1519 1473 1589 1514 ubi
1621 1482 1798 1514 metrum

358 1537 595 1578 alterutram
619 1538 944 1580 terminationem
963 1539 1240 1582 indifferenter
1268 1541 1514 1591 admitteret,
1535 1540 1796 1582 masculinam

358 1603 532 1645 formam
553 1604 782 1660 praetulisse
797 1605 829 1646 si
849 1606 904 1647 sic
924 1606 1266 1650 homoeoteleuton
1287 1609 1500 1650 evitarent.
1532 1610 1724 1650 Ceterum
1747 1622 1798 1648 ex

361 1670 439 1711 hoc
458 1670 547 1711 loco
566 1670 772 1722 discimus,
795 1682 841 1713 ut
860 1672 1017 1728 opinor,
1034 1674 1074 1714 in
1097 1690 1214 1716 scena
1242 1675 1345 1717 duas
1373 1675 1497 1716 fuisse
1525 1685 1678 1731 portas,
1699 1689 1800 1729 qua-

360 1753 451 1778 rum
484 1753 567 1779 una
594 1738 635 1778 in
670 1739 911 1791 ἀνδρωνῖτιν,
948 1740 1074 1782 altera
1102 1741 1143 1782 in
1170 1746 1437 1795 γυναικωνῖτιν
1471 1742 1658 1783 ducebat.
1719 1739 1799 1780 Illa

363 1804 653 1859 protagonistae
682 1813 784 1855 erat,
816 1806 903 1846 haec
933 1822 1029 1848 vero
1059 1807 1423 1863 deuteragonistae3
1457 1808 1609 1848 Pollux
1637 1822 1679 1859 4,
1706 1819 1798 1857 124.

358 1875 474 1922 τριῶν
494 1872 535 1911 δὲ
555 1875 632 1912 τῶν
652 1874 748 1913 κατὰ
768 1873 838 1924 τὴν
859 1874 1005 1925 σκηνὴν
1025 1877 1161 1926 θυρῶν,
1181 1875 1204 1925 ἡ
1223 1874 1324 1926 μέση
1342 1876 1415 1925 μὲν
1434 1875 1659 1925 βασίλειον,
1677 1873 1799 1927 (sieut

359 1936 401 1976 in
422 1936 496 1977 hac
517 1937 674 1991 fabula)
697 1936 719 1989 ἢ
740 1939 948 1990 σπήλαιον,
973 1940 1097 1993 (sicut
1117 1941 1158 1981 in
1181 1941 1427 1994 Philocteta)
1450 1940 1473 1992 ἢ
1498 1941 1601 1983 οἶκος
1630 1940 1799 1990 ἔνδοξος,

359 2001 382 2053 ἢ
402 2006 481 2043 πᾶν
499 2003 543 2043 τὸ
563 2009 911 2057 πρωταγωνιστοῦν
930 2009 998 2047 τοῦ
1017 2007 1217 2059 δράματος.
1247 2009 1271 2059 ἡ
1301 2009 1343 2048 δὲ
1375 2007 1495 2058 δεξιὰ,
1523 2010 1590 2047 τοῦ
1620 2010 1797 2057 δευτερα-

360 2072 642 2121 γωνιστοῦντος
673 2072 927 2124 καταγώγιον.
959 2073 1043 2123 ἡδὲ
1063 2073 1303 2127 ἀριστερᾶ,ἢ
1331 2074 1375 2115 τὸ
1406 2073 1686 2114 εὐτελέστατον
1716 2072 1799 2125 ἔχει

359 2135 583 2186 πρόσωπον,
605 2133 628 2185 ἢ
650 2136 754 2187 ἱερὸν
782 2138 1087 2189 ἐξηρημωμένον,
1109 2138 1132 2190 ἢ
1157 2140 1286 2183 ἄοικός
1316 2142 1413 2181 ἐστι.
1474 2141 1526 2180 In
1556 2139 1632 2179 hac
1660 2147 1797 2179 autem

359 2200 501 2241 fabula
520 2202 684 2242 Orestes
713 2202 864 2257 primas
892 2214 1027 2259 partes
1047 2205 1147 2260 agit,
1170 2207 1336 2247 Electra
1365 2205 1576 2254 secundas,
1600 2205 1797 2261 Clytaem-

358 2275 494 2307 nestra
512 2282 607 2307 vero
625 2267 775 2309 tertias.
828 2270 981 2310 Confer
1002 2279 1140 2312 notata
1157 2272 1209 2312 ad
1233 2287 1269 2312 v.
1293 2273 1387 2325 838.
1419 2273 1651 2313 BLOMF.

420 2333 514 2386 879.
537 2333 700 2387 μοχλὸς,
725 2335 849 2385 Obeoe,
871 2351 955 2390 quo
974 2336 1037 2376 vel
1057 2337 1302 2379 claudebant
1320 2339 1441 2388 fores,
1462 2338 1524 2378 vel
1555 2338 1797 2379 reserabant.

365 2401 536 2441 Homer.
568 2400 647 2440 Od.
676 2404 725 2441 A.
746 2414 842 2454 442.
869 2404 987 2455 θύρην
1007 2403 1038 2443 δ’
1062 2403 1254 2456 ἐπέρυσσε
1276 2406 1421 2457 κορώνῃ
1439 2404 1642 2460 Ἀργυρέῃ·
1674 2405 1736 2445 ἐπὶ
1756 2406 1798 2445 δὲ

364 2463 484 2523 κληῗδ’
508 2473 725 2514 ἐτάνυσσεν
749 2475 889 2525 ἵμαντι.
920 2475 992 2516 ubi
1019 2475 1144 2517 schol.
1166 2477 1208 2516 τὸ
1228 2478 1445 2529 λεγόμενον
1469 2477 1556 2529 παρ’
1577 2479 1667 2530 ἡμῖν
1697 2482 1799 2518 κλεῖ-

363 2541 471 2590 θρον.
503 2540 570 2579 δύο
590 2541 632 2579 δὲ
655 2539 738 2592 εἶχε
767 2540 855 2583 τοὺς
885 2542 1045 2592 ἵμαντας
1075 2542 1350 2594 ἐξηρτημένους
1379 2542 1442 2583 διά
1467 2560 1582 2584 τινων
1610 2544 1796 2596 τρησέων,

363 2603 409 2645 ὃν
427 2606 501 2657 μὲν
522 2607 564 2646 ἐκ
584 2608 731 2656 δεξιῶν,
755 2606 802 2647 ὃν
822 2609 864 2648 δὲ
885 2607 931 2659 ἐξ
949 2610 1175 2661 ἀριστερῶν,
1198 2612 1251 2653 εἰς
1276 2610 1320 2651 τὸ
1348 2611 1535 2651 δύνασθαι
1564 2611 1627 2651 καὶ
1646 2608 1798 2659 ἀνοῖξαι

363 2671 426 2712 καὶ
447 2675 613 2713 κλεῖσαι.
672 2672 785 2713 Hinc
812 2679 1019 2728 μοχλῶσαι
1048 2677 1117 2727 τὴν
1147 2678 1279 2728 θύραν,
1299 2678 1515 2731 pessulum
1526 2677 1704 2732 foribus
1731 2677 1799 2717 ob-

361 2738 470 2788 dere,
492 2738 789 2795 Aristophanes
818 2742 929 2798 apud
961 2743 1118 2785 Polluc.
1144 2757 1210 2793 10,
1238 2756 1302 2798 25.
1348 2747 1495 2797 κλῇθρα
1522 2743 1797 2796 συμπεραίνειν

361 2809 527 2858 μοχλοῖς
547 2805 695 2862 Eurip.
718 2808 790 2848 Or.
817 2811 937 2863 1567.
969 2810 1038 2851 Cf.
1061 2810 1264 2852 Androm.
1286 2822 1382 2866 952.
1414 2813 1570 2853 Contra
1589 2825 1684 2851 vero
1704 2810 1798 2851 ἀνα-
