1962 3224
390 214 472 255 640
667 215 975 256 ADDENDA
1008 215 1090 255 ET
1124 214 1547 256 CORRIGENDA.

389 324 488 364 dum
525 339 609 365 esse
635 324 738 365 vidit
769 326 821 365 L.
844 324 1085 366 Dindorfius
1117 324 1158 364 in
1191 324 1408 364 Thesauro
1444 323 1639 379 Stephani
1671 324 1746 364 vol.
1777 337 1819 378 3.

387 403 429 444 p.
450 389 572 441 2484.
593 388 738 430 collata
757 403 852 444 quae
871 389 924 430 ad
945 389 1053 430 hunc
1074 389 1207 445 ipsum
1224 389 1358 430 locum
1380 390 1592 430 referenda
1611 399 1671 430 est
1689 390 1822 445 glossa

389 454 604 510 Hesychii,
627 455 850 503 εὐτυκάζουε
885 456 1063 495 εὔτυκτον
1093 455 1173 508 ἔχε,
1198 455 1362 506 ἕτοιμον·
1394 471 1485 496 nam
1509 456 1563 497 sic
1583 455 1822 511 corrigenda

388 521 589 577 scriptura
607 521 755 562 codicis
775 522 988 569 εὐτύκαζον.

444 589 493 628 P.
520 590 613 629 161.
636 603 673 628 v.
694 601 792 643 300,
814 588 851 628 8.
872 587 1006 642 χερὸς]
1027 589 1147 640 χερὰς

445 656 494 695 Ρ.
522 656 609 705 164.
633 670 670 694 v.
691 667 789 708 333,
808 666 872 694 12.
894 653 1138 708 ἆρτίτροπον]
1160 654 1379 706 ἆρτίτροποι

630 735 669 760 v.
690 721 786 775 356.
817 718 885 760 τίν’
909 721 951 760 ἐκ
966 719 1074 760 τῶνδ’
1098 718 1249 760 εἰκάσαι
1268 721 1388 772 λόγος
1407 719 1512 772 πάρα
1529 720 1558 774 ;]
1584 721 1819 761 Emendan-

388 786 500 837 dum,
523 786 564 826 ni
584 786 714 836 fallor,
735 787 872 839 λόγον.

443 854 495 894 Ρ.
522 864 613 906 177.
634 868 673 892 v.
694 854 792 905 448,
812 866 851 907 3.
874 851 1199 906 Praeferendum]
1221 852 1315 891 Non
1336 851 1638 937 praeferendum

443 920 492 960 P.
519 920 610 960 181.
631 934 670 960 V.
689 929 786 973 514.
809 931 844 959 2.
865 918 948 972 τοῦ]
969 935 1036 958 του

444 988 494 1027 Ρ.
520 997 611 1040 195.
631 1002 671 1026 v.
693 988 788 1067 624.
818 984 905 1038 παρ’
932 986 1095 1028 ἀσπίδος
1124 986 1326 1037 γυμνωθὲν
1352 984 1525 1037 ἁρπάσαι
1552 985 1661 1042 δόρυ]
1690 988 1816 1028 Hom.

388 1053 440 1094 Il.
464 1057 518 1103 Π,
540 1066 636 1108 312.
667 1051 832 1105 στέρνον
860 1050 1110 1104 γυμνωθέντα
1135 1051 1224 1103 παρ’
1245 1051 1392 1091 ἀσπίδα
1419 1053 1669 1108 comparavit
1698 1054 1815 1110 Hey-

385 1135 490 1160 mus.

443 1187 493 1227 P.
519 1196 609 1240 197.
632 1201 671 1226 v.
692 1187 789 1238 676,
813 1197 851 1227 2.
872 1183 1062 1240 confert]
1086 1183 1284 1224 Deleatur
1303 1192 1517 1240 punctum.

443 1252 491 1292 P.
517 1264 609 1295 202.
630 1267 669 1293 ν.
695 1252 788 1306 736.
812 1251 872 1292 καὶ
893 1251 1053 1306 χθονία]
1078 1251 1190 1290 Fort.
1213 1251 1275 1291 καὶ
1294 1249 1399 1302 γαΐα.

443 1319 493 1359 P.
519 1330 612 1373 217.
649 1333 687 1358 v.
720 1332 814 1374 914.
845 1315 984 1370 λαχαι]
1014 1315 1136 1368 λάχαι
1171 1315 1223 1355 L.
1256 1315 1498 1357 Dindorfius
1530 1316 1571 1357 in
1603 1317 1817 1359 Thesauro

385 1401 416 1427 S.
438 1402 475 1427 v.
498 1386 623 1440 Λαχή.

989 1505 1218 1545 PERSAE.

441 1586 492 1626 P.
515 1596 610 1638 234,
632 1596 697 1624 21.
720 1582 974 1637 Persarum,]
997 1581 1197 1623 Deleatur
1216 1597 1386 1623 comma.

440 1653 489 1692 P.
515 1651 608 1706 238.
630 1665 668 1691 v.
690 1662 762 1704 34,
787 1663 824 1689 Ι.
846 1649 1100 1703 Σουσικάνης]
1127 1648 1392 1700 Σουσισκάνης

440 1717 490 1756 P.
515 1728 608 1770 243,
629 1730 667 1756 V.
691 1717 759 1768 65.
781 1714 1029 1768 κωμῳδεῖται]
1051 1717 1226 1769 κωμῳδεῖ

439 1783 490 1824 P.
515 1785 606 1836 258.
639 1781 838 1822 Deleatur
857 1780 1066 1821 annotatio
1083 1781 1135 1821 ad
1156 1796 1193 1822 v.
1219 1783 1313 1836 258.

439 1850 490 1890 Ρ.
514 1861 607 1903 259.
629 1864 666 1888 v.
691 1848 784 1900 267.
806 1847 1368 1903 Fortasse—praeferendus]
1394 1849 1500 1890 Haec
1519 1848 1742 1891 deleantur.

439 1918 488 1958 P.
512 1919 606 1970 276.
625 1931 665 1957 v.
685 1929 782 1970 494.
813 1918 1041 1968 Παγγαῖον]
1068 1915 1183 1956 Alibi
1205 1915 1434 1968 Πάγγαιον;
1467 1925 1508 1957 et
1536 1916 1590 1958 sic
1619 1917 1685 1958 hic
1714 1933 1815 1973 quo-

383 1999 465 2040 que
485 1983 642 2025 codices
661 1982 842 2038 quidam.
903 1982 967 2022 De
987 1997 1071 2037 quo
1091 1981 1173 2022 dixi
1194 1981 1236 2022 in
1258 1982 1472 2023 Thesauro
1494 1983 1703 2040 Stephani.

439 2052 489 2092 P.
514 2063 608 2106 290.
630 2066 667 2091 V.
693 2050 790 2101 684,
815 2062 851 2093 2.
872 2049 1021 2103 πάφου]
1042 2049 1168 2101 τάφου

626 2132 662 2157 v.
685 2117 781 2170 687,
805 2131 843 2170 9.
864 2116 907 2156 τὸ
927 2116 1148 2169 Αἰσχύλου]
1173 2119 1242 2156 τοῦ
1262 2117 1465 2169 Αἰσχύλου

439 2185 506 2239 [Ρ.
529 2197 624 2238 299.
645 2199 683 2225 v.
707 2184 803 2233 802,
825 2197 865 2238 9.
886 2184 971 2223 Pro
990 2184 1039 2223 τὰ
1054 2181 1085 2222 δ’
1107 2183 1166 2232 οὐ,
1186 2181 1275 2238 lege
1295 2184 1342 2223 τὰ
1363 2181 1393 2223 δ’
1414 2182 1490 2237 οὒ,]

881 2352 1208 2392 AGAMEMN
1212 2352 1307 2392 ΟΝ.

438 2450 489 2489 P.
509 2460 606 2502 334.
627 2462 666 2488 V.
689 2455 755 2499 72.
778 2445 920 2499 ἀτίται]
951 2443 1252 2500 Significatione
1271 2443 1454 2500 passiva:
1487 2444 1539 2486 de
1558 2461 1642 2501 qua
1661 2462 1700 2487 v.
1723 2447 1811 2488 Lo-

380 2515 498 2557 beck.
521 2513 697 2568 Paralip.
720 2527 762 2568 p.
781 2512 876 2563 428.
898 2520 938 2552 et
958 2511 1011 2552 ad
1034 2511 1159 2567 Soph.
1180 2512 1255 2568 Aj.
1277 2527 1316 2568 p.
1339 2514 1429 2567 185.

437 2583 485 2623 P.
507 2590 604 2636 347.
626 2595 665 2621 v.
691 2580 782 2621 182.
814 2577 857 2619 δέ
884 2577 974 2632 που]
1005 2579 1047 2619 δὲ
1067 2581 1140 2619 ποῦ
1161 2578 1379 2634 Emperius
1398 2594 1464 2635 ap.
1489 2580 1749 2636 Bamberger.
1771 2580 1814 2622 in

381 2651 609 2691 Comment.
632 2646 683 2688 de
703 2646 856 2701 Agam.
876 2659 919 2700 p.
936 2657 975 2698 9.
996 2644 1073 2685 hoc
1093 2659 1225 2696 sensu,
1250 2646 1431 2686 Deorum
1447 2661 1542 2702 quae
1561 2658 1664 2688 esset
1682 2647 1814 2704 gratia

380 2716 465 2757 sine
485 2715 576 2771 lege
595 2711 881 2770 imperantium
897 2714 914 2752 ?

437 2783 488 2822 P.
509 2791 604 2836 352.
626 2796 666 2821 v.
690 2790 785 2834 245,
805 2788 847 2833 5.
869 2778 960 2833 τῶν]
980 2781 1047 2819 τοῦ

437 2849 487 2889 P.
507 2848 602 2902 385.
624 2863 661 2887 v.
685 2847 781 2899 849,
807 2859 842 2887 1.
862 2845 1015 2900 autem]
1038 2843 1248 2886 Deleatur.

439 2915 488 2955 P.
504 2926 599 2968 390.
623 2929 660 2955 v.
683 2923 781 2968 950,
803 2924 842 2966 5.
863 2912 1112 2966 formulam.]
1135 2912 1332 2954 Deleatur
1351 2923 1564 2969 punctum.
