1962 3224
421 189 510 232 616
900 196 1396 237 ANNOTATIONES

478 304 576 358 576.
597 305 685 359 βία]
710 306 782 359 βίᾳ
803 305 936 346 Turn.

477 383 573 426 579.
592 372 702 426 αἰδῶ]
721 373 809 412 Cur
819 374 1017 428 pudorem
1034 388 1126 413 cum
1145 374 1317 414 tristitia
1333 381 1373 414 et
1387 374 1581 429 lacrymis
1596 373 1861 430 conjunctum

420 436 543 488 dicat,
563 437 805 494 intelligitur
823 453 874 479 ex
895 439 1023 495 ipsius
1043 441 1119 480 Isis
1139 439 1273 481 verbis
1294 440 1502 482 Prometh.
1525 456 1562 482 v.
1585 441 1680 493 648.
1703 442 1834 497 [642.]

873 539 994 579 καίτοι
1016 539 1076 578 καὶ
1096 537 1253 590 λέγουσ’
1277 540 1512 592 αἰσχύνομαι

645 605 861 645 θεόσσυτον
880 608 1065 658 χειμῶνα,
1089 606 1151 645 καὶ
1172 607 1390 657 διαφθορὰν

642 674 805 723 μορφῆς,
828 673 919 712 ὅθεν
937 689 1002 723 μοι
1023 673 1188 726 σχετλίᾳ
1208 671 1469 724 προσέπτατο.
1531 673 1660 714 SCH.

473 769 570 821 580.
594 768 690 819 ἕρμα
709 769 806 823 δῖον]
831 769 964 810 Schol.
986 769 1275 825 interpretatur
1293 770 1444 822 βάρος;
1480 785 1553 811 nec
1581 771 1752 811 dubium
1780 781 1854 821 est,

417 834 517 888 quin
548 845 667 889 poeta
695 850 771 891 pro
799 851 919 877 onere
930 837 1073 890 scetus
1103 851 1152 876 ex
1177 837 1207 876 J
1211 835 1297 876 ovis
1326 836 1638 878 contrectatione
1668 848 1855 894 suscepto

417 902 610 956 posuerit.
643 904 772 944 SCH.
805 903 985 955 ἑρμάδιον
1005 902 1104 943 Ald.

471 969 567 1023 584.
590 971 775 1021 φυσίζοον
796 971 1017 1011 Porsonus.
1049 971 1243 1022 φυσίζωον
1264 970 1367 1012 libri.

471 1037 567 1090 585.
598 1036 641 1076 rb
671 1037 734 1090 δὴ]
767 1038 849 1078 τοδὶ
877 1038 1012 1078 Turn.
1037 1036 1177 1092 Steph.
1198 1046 1319 1087 recte,
1343 1038 1415 1078 nisi
1442 1038 1554 1093 quod
1574 1039 1663 1079 τόδε
1682 1038 1853 1080 scribere

413 1103 632 1153 debebant,
655 1103 766 1159 quod
788 1103 883 1145 fecit
905 1106 1123 1145 Porsonus.
1184 1106 1377 1145 Ceterum
1399 1105 1616 1146 delendum
1638 1121 1806 1147 comma.

470 1171 567 1224 587.
593 1171 750 1225 νόσους]
775 1172 894 1213 νόσου
914 1171 1015 1212 Ald.

471 1237 722 1293 ἐπιβούλους]
746 1238 958 1288 ἐπιβούλου
980 1238 1235 1279 Schuetzius.

469 1305 564 1358 589.
589 1304 786 1345 Deleatur
805 1320 962 1345 comma
983 1316 1073 1360 post
1090 1305 1284 1358 Ἐπάφου.
1328 1304 1565 1354 Scholiasta,
1588 1306 1650 1346 καὶ
1669 1305 1712 1346 τὸ
1734 1305 1850 1359 γένος

412 1372 518 1422 ἡμῶν
558 1370 605 1421 ἐξ
639 1371 820 1424 Ἐπάφου
858 1372 990 1425 λέγων
1029 1373 1126 1414 εἶναι
1163 1375 1230 1423 τῆς
1269 1373 1451 1424 ἀληθείας
1491 1371 1664 1424 κυρήσεις
1703 1373 1764 1413 καὶ
1802 1373 1847 1414 οὗ

412 1439 555 1494 ψεύσῃ.

467 1517 565 1559 590.
590 1505 887 1560 ἐνδικωτέροισι]
910 1507 1214 1559 ἐνδικωτέροισιν
1236 1508 1300 1548 Μ.

466 1584 564 1626 592.
588 1573 687 1613 Post
709 1573 804 1622 ἄναξ
826 1572 887 1612 vel
907 1572 1044 1625 γένους
1063 1573 1158 1614 duae
1178 1573 1417 1614 exciderunt
1438 1572 1618 1628 syllabae.

467 1650 563 1693 594.
587 1640 687 1679 Post
708 1640 805 1681 Ζεύς
825 1638 939 1679 colon
960 1649 1150 1694 ponatur.

407 1731 410 1733 -
467 1716 565 1760 595.
590 1706 728 1761 ἀρχὰς]
754 1706 1021 1746 Scribendum
1043 1708 1164 1760 ἀρχᾶς
1184 1721 1277 1747 cum
1302 1706 1529 1748 Schuetzio.

468 1772 629 1827 θοάζων]
652 1773 780 1813 Recte
801 1788 873 1827 per
893 1773 1105 1824 καθήμενος
1124 1774 1299 1830 explicat
1324 1773 1546 1823 scholiasta,
1575 1773 1626 1814 de
1655 1789 1738 1829 quo
1768 1789 1845 1815 usu

410 1839 522 1880 verbi
544 1839 711 1894 exposui
734 1839 784 1880 ad
807 1840 932 1895 Soph.
955 1840 1057 1881 OEd.
1080 1842 1135 1881 T.
1159 1853 1196 1882 2.

468 1909 563 1960 596.
595 1906 639 1947 τὸ
667 1911 779 1958 μεῖον
809 1908 1046 1959 κρεισσόνων
1077 1909 1271 1962 κρατύνει]
1299 1909 1527 1963 Irfiriores
1555 1922 1681 1964 Super
1705 1914 1844 1964 poten-

411 1975 532 2015 tiores
551 1975 692 2015 evehit.

464 2054 562 2094 597.
594 2042 742 2083 οὔτινος
773 2042 939 2093 (οὔτινος
969 2042 1032 2081 M.
1064 2042 1213 2084 οὗτινος
1233 2041 1355 2094 Ald.)
1381 2043 1530 2083 ἄνωθεν
1558 2042 1701 2093 ἡμένου
1730 2043 1843 2095 (ἠμὲν

408 2109 453 2149 οὐ
475 2109 539 2149 Μ.
570 2107 736 2159 ἢμεν“οὐ
757 2106 855 2147 Ald.
885 2108 909 2158 ἡ
936 2108 1009 2158 μὲν
1035 2109 1079 2148 οὐ
1100 2108 1226 2161 Rob.>
1259 2108 1373 2159 σέβει
1405 2109 1524 2164 (σέβῃ
1555 2110 1709 2162 Turn.)
1742 2108 1840 2149 κάτω

409 2177 566 2231 (κράτος
588 2175 829 2230 Pauwius).]
852 2176 1001 2215 Versus
1018 2175 1231 2230 explendae
1250 2175 1407 2216 lacunae
1426 2191 1566 2216 caussa
1585 2190 1635 2216 ex
1659 2175 1839 2231 superio-

408 2259 497 2284 rum
515 2243 731 2284 verborum
751 2241 1002 2297 glossematis
1021 2242 1231 2282 confictus.
1263 2243 1368 2283 Nam
1386 2244 1507 2283 verba
1523 2244 1671 2284 οὔτινος
1691 2243 1841 2283 ἄνωθεν

405 2311 547 2361 ἡμένου
576 2311 810 2350 referuntur
838 2308 888 2348 ad
922 2323 957 2348 v.
987 2320 1086 2362 595,
1117 2319 1321 2364 postrema
1348 2319 1484 2349 autem
1517 2309 1629 2360 σέβει
1659 2308 1758 2349 κάτω
1787 2323 1839 2349 ex

405 2377 514 2429 ῥέπει
535 2376 634 2417 κάτω
655 2375 876 2431 depravata
896 2384 1005 2422 sunt,
1028 2390 1122 2429 quae
1142 2390 1235 2430 pars
1254 2388 1348 2417 sunt
1368 2376 1619 2432 glossematis
1641 2376 1684 2416 τὸ
1713 2381 1839 2428 κρεῖσ-

406 2461 480 2484 σον
498 2443 608 2496 ῥέπει
629 2442 740 2483 κάτω.

461 2510 558 2567 598.
579 2508 778 2550 Deleatur
797 2523 954 2550 comma
973 2518 1063 2563 post
1085 2508 1187 2551 ἔπος.

460 2590 557 2631 599.
581 2576 747 2631 δούλιος]
771 2575 1036 2616 Scribendum
1058 2577 1220 2625 βούλιος
1238 2591 1330 2616 cum
1353 2575 1543 2617 Stanleio.

462 2646 558 2685 600.
582 2644 623 2684 εὖ
643 2658 734 2684 cum
757 2646 938 2695 θαρσεῖτε
956 2642 1302 2697 conjungendum.

461 2713 557 2751 602.
588 2709 789 2766 ἀγγέλων]
821 2709 1029 2763 ἀγγέλλων
1057 2710 1120 2749 Μ.
1147 2724 1172 2749 a
1199 2718 1422 2750 correctore
1450 2708 1632 2764 antiquo,
1659 2717 1700 2749 et
1729 2716 1835 2750 recte

401 2780 582 2819 fortasse.

413 2880 416 2882 .
459 2846 554 2898 603.
577 2844 711 2884 ἔνισπε
733 2843 841 2884 Rob.
866 2843 1007 2899 Steph.
1039 2845 1206 2896 ἑνόσπερ
1229 2845 1291 2884 Μ.
1315 2845 1410 2885 Par.
1433 2843 1546 2884 ἔνεπε
1569 2842 1709 2883 Guelf.
1731 2843 1834 2884 Ald.

402 2912 446 2952 ἓν
467 2913 550 2952 εἰπὲ
573 2912 706 2951 Turn.
