1962 3224
378 207 462 248 424
849 209 1341 250 ANNOTATIONES

435 326 556 371 1549.
578 317 670 372 σὺν]
694 318 823 358 Recte
843 317 912 368 ξὺν
933 319 1155 359 Porsonus.

432 382 616 435 δάκρυσιν
636 384 856 425 Porsonus.
889 385 1067 437 δακρύοιν
1089 383 1223 440 vulgo.
1257 383 1517 425 Probabilius
1544 392 1604 425 est
1624 384 1809 436 δακρύοις,

377 449 490 505 quod
509 450 647 505 posuit
667 451 721 491 T.

437 525 556 570 1550.
596 518 776 572 ἀληθείᾳ]
820 517 935 558 Huic
972 526 1102 558 metro
1132 517 1266 574 aptior
1299 516 1462 558 videtur
1496 517 1649 558 Dorica
1680 516 1813 557 forma

378 583 553 638 ἀλαθείᾳ.

437 660 556 703 1551.
578 649 622 690 οὔ
643 648 705 703 σε]
727 650 857 690 Recte
878 649 921 689 οὗ
942 651 989 690 σὲ
1011 650 1290 691 Blomfieldus.
1322 651 1410 692 οὔτε
1432 651 1486 690 Τ.

435 717 536 756 Post
554 729 569 756 1
576 726 601 769 5
604 724 672 769 54.
693 714 934 756 exciderunt
953 730 1093 756 versus
1115 716 1212 757 duo.
1532 771 1534 773 Ι

439 792 456 819 Ι
462 789 488 833 5
491 788 516 833 5
518 788 558 833 5.
579 777 792 831 Ἰφιγένειά
812 795 872 820 νιν
894 779 1108 821 Stanleius.
1138 779 1375 832 Ἰφιγένειαν
1394 779 1442 820 ἵν’
1463 780 1567 821 libri.

442 859 457 885 1
462 858 487 898 5
491 846 559 899 58.
594 845 831 896 πόρθμευμα,
870 846 1151 887 Transvectio.
1195 845 1343 898 (Cicer.
1381 848 1508 888 Tusc.
1535 861 1567 897 1,
1600 858 1638 901 5.
1673 854 1810 888 trans-

379 913 507 953 vectio
547 912 823 965 Acherontis.)
896 917 925 936 ‘⁶
947 912 1179 968 Descriptio
1217 913 1477 964 Acherontis,
1516 913 1655 954 habita
1692 913 1812 954 simul

378 978 552 1019 nominis
580 978 748 1028 ratione,
779 979 891 1034 quod
923 979 1147 1035 significare
1178 979 1321 1020 volunt
1348 979 1374 1019 i.
1397 995 1437 1035 q.
1470 981 1490 1020 ὁ
1514 982 1562 1020 τὰ
1582 981 1681 1033 ἄχεα
1699 979 1811 1032 ῥέων.

380 1045 445 1086 Cf.
468 1046 611 1100 Etym.
634 1047 699 1086 M.
720 1045 761 1086 in
791 1046 868 1087 hac
893 1061 1002 1096 voce,
1030 1055 1071 1087 et
1098 1046 1291 1087 Eustath.
1310 1045 1362 1086 ad
1384 1046 1436 1086 ΙΙ.
1458 1061 1496 1102 p.
1519 1057 1610 1101 157.
1640 1046 1815 1102 Apollo-

378 1113 503 1153 dorus
522 1112 562 1152 in
584 1112 728 1167 fragm.
750 1127 815 1168 ap.
839 1112 953 1153 Stob.
980 1114 1036 1168 (p.
1055 1122 1173 1165 1047.
1196 1112 1259 1153 ed.
1283 1114 1446 1168 Heyn.)
1472 1115 1514 1153 ἐκ
1535 1117 1611 1153 τῶν
1639 1115 1713 1165 γὰρ
1737 1129 1813 1153 τοι-

379 1180 503 1221 ούτων
529 1180 743 1231 ὁρμώμενοι
771 1183 957 1229 πιθανῶν,
980 1180 1042 1220 καὶ
1071 1179 1159 1222 τοὺς
1188 1181 1232 1220 ἐν
1251 1179 1368 1220 Αἴδου
1398 1179 1667 1231 νομιζομένους
1695 1197 1813 1220 ποτα-

378 1247 472 1298 μοὺς
492 1246 820 1297 κατωνομάκασιν.
850 1245 1068 1299 Ἀχέροντα
1093 1247 1166 1297 μὲν
1186 1247 1248 1286 διὰ
1268 1248 1315 1286 τὰ
1340 1246 1429 1299 ἄχη,
1452 1247 1501 1289 ὡς
1528 1247 1589 1286 καὶ
1610 1250 1815 1287 Μελανιπ-

379 1314 491 1363 πίδης
513 1314 555 1353 ἐν
571 1314 821 1368 Περσεφόνῃ·
854 1316 1042 1353 Καλεῖται
1063 1313 1091 1353 δ’
1115 1314 1159 1353 ἐν
1179 1314 1358 1353 κόλποισι
1378 1314 1493 1365 γαίας
1513 1312 1679 1366 ἀχέεσσι
1698 1329 1814 1365 προρ-

378 1379 479 1432 ρέων
504 1378 693 1432 Ἀχέρων.
725 1379 781 1420 ἔτι
810 1379 873 1419 καὶ
898 1379 1104 1429 Λικύμνιός
1133 1383 1242 1430 φησι·
1280 1379 1445 1430 Μυρίαις
1472 1382 1615 1430 παγαῖς
1644 1378 1815 1430 δακρύων

379 1446 510 1499 ἀχέων
532 1463 575 1487 τε
602 1446 726 1498 βρύει.
759 1446 821 1486 καὶ
849 1444 982 1492 πάλιν,
1009 1444 1185 1498 Ἀχέρων
1214 1445 1314 1498 ἄχεα
1339 1445 1551 1496 πορθμεύει
1574 1443 1814 1496 βροτοῖσιν.”

381 1514 570 1554 ΞοΗυΤΖ.
602 1512 761 1553 Mirum
789 1521 849 1553 est
868 1527 1000 1567 neque
1021 1511 1231 1567 Heynium
1253 1526 1387 1567 neque
1408 1510 1647 1552 Schutzium
1669 1509 1815 1551 Valck-

378 1579 515 1620 enaerii
545 1579 832 1620 correctionem
863 1593 1118 1627 memorasse,
1138 1578 1370 1633 reponentis
1398 1577 1438 1618 in
1467 1577 1643 1619 Diatrib.
1665 1577 1816 1633 Eurip.

377 1660 422 1701 p.
444 1655 506 1699 17.
536 1647 585 1686 C.
622 1647 683 1686 καὶ
713 1646 918 1697 Εὐριπίδης
947 1646 1140 1698 Λικυμνίῳ
1176 1645 1285 1697 φησί.
1347 1645 1557 1685 Cornutus
1591 1643 1644 1684 de
1673 1644 1728 1684 N.
1759 1645 1813 1685 D.

378 1727 420 1768 p.
444 1724 536 1767 234.
558 1714 579 1752 ὁ
600 1713 642 1753 δὲ
660 1711 838 1765 Ἀχέρων
861 1711 936 1752 ἀπὸ
967 1715 1042 1751 τῶν
1071 1710 1287 1763 γινομένων
1317 1712 1360 1751 ἐν
1389 1715 1470 1754 τοῖς
1499 1712 1817 1761 τετελευτηκόσιν

383 1778 513 1832 ἀχέων
543 1779 761 1832 προσήχθη,
795 1778 856 1819 καὶ
894 1779 917 1829 ἡ
959 1778 1193 1831 Ἀχερουσία
1228 1778 1360 1829 λίμνη.
1421 1777 1591 1833 Corrige
1627 1777 1815 1831 προήχθη.

384 1846 612 1886 BLOMF.

442 1923 562 1967 1559.
583 1916 692 1966 χεῖρε
711 1913 932 1952 Porsonus.
962 1914 1076 1964 χεῖρα
1094 1910 1198 1952 libri.

440 1979 601 2032 φιλήσει
620 1978 883 2019 Abreschius.
916 1977 1065 2030 φιλήσῃ
1085 1977 1190 2018 libri.

444 2048 565 2101 1562.
587 2046 700 2099 φέρει
719 2044 891 2099 φέροντ’]
915 2044 1108 2085 Afferunt
1127 2044 1363 2085 afferentes:
1395 2043 1626 2100 ignominiae
1642 2044 1818 2085 afferunt

383 2127 508 2153 novas
527 2111 781 2168 ignominias,
801 2125 895 2165 quae
915 2109 1052 2151 denuo
1071 2125 1197 2150 novas
1215 2109 1399 2150 allaturae
1419 2119 1527 2151 sunt.
1575 2109 1816 2165 Subjectum

382 2188 442 2220 est
462 2180 603 2230 ὀνείδη.
635 2177 946 2218 KLAUSEN.

443 2246 562 2299 1563.
583 2244 728 2299 χρόνῳ]
751 2243 1019 2285 Scribendum
1041 2244 1164 2297 θρόνῳ
1184 2258 1275 2283 cum
1300 2243 1528 2284 Schuetzio.

444 2314 564 2366 1564.
595 2315 734 2352 παθεῖν
753 2311 822 2351 τὸν
844 2308 1026 2363 ἔρξαντα]
1051 2309 1116 2350 Sic
1138 2309 1323 2365 Choeph.
1343 2322 1367 2364 3
1381 2323 1439 2350 11.
1460 2308 1646 2362 δράσαντι
1665 2313 1816 2356 παθεῖν,

383 2378 569 2431 τριγέρων
588 2381 706 2429 μῦθος
725 2377 816 2418 τάδε
837 2380 970 2429 φωνεῖ.
1004 2377 1221 2417 STANL.

441 2445 612 2496 θέσμιος,
633 2445 745 2500 Lege
758 2444 1048 2499 praescriptus.
1071 2443 1252 2498 Hesych.
1275 2443 1465 2495 Θέσμιον.
1497 2444 1655 2484 δίκαιον.
1717 2444 1821 2491 Quis

384 2512 491 2552 enim
506 2511 749 2567 progeniem
769 2510 819 2550 ab
839 2510 1200 2565 imprecationibus
1219 2516 1366 2560 ortam,
1383 2515 1420 2550 et
1439 2511 1527 2566 lege
1547 2510 1693 2550 divina
1704 2525 1821 2565 prce-

383 2579 596 2634 scriptam,
610 2578 792 2632 familia
817 2577 1031 2617 eliminet?
1060 2576 1087 2618 i.
1109 2592 1141 2617 e.
1173 2577 1436 2618 calamitates.
1496 2576 1659 2632 Myrtili
1689 2577 1822 2617 caedes

385 2655 472 2686 erat
491 2646 718 2698 πρώταρχος
739 2645 809 2696 ἄτη
833 2645 994 2699 (1192.)
1017 2654 1156 2700 postea
1176 2659 1272 2684 vero
1294 2659 1346 2684 ex
1369 2644 1567 2699 Thyestae
1593 2643 1691 2684 diris
1719 2643 1819 2684 cala-

385 2712 546 2753 mitates
565 2712 756 2752 domibus
775 2711 1019 2752 Atridarum
1040 2710 1258 2752 adhaesere.
1292 2711 1521 2752 BLOMF.

446 2780 566 2834 1565.
587 2780 724 2832 ἀραῖον
744 2779 1024 2819 Hermannus.
1053 2779 1152 2831 ῥᾷον
1170 2777 1274 2818 libri.

446 2847 565 2901 1566.
586 2844 808 2900 προσάψαι]
831 2844 1100 2886 scribendum
1120 2844 1216 2897 πρὸς
1235 2845 1308 2898 ἄτᾳ
1327 2859 1420 2884 cum
1442 2842 1696 2884 Blomfieldo.

444 2914 544 2954 Post
564 2913 675 2954 hunc
694 2927 856 2953 versum
877 2911 1130 2953 desideratur
1149 2910 1428 2967 antistrophus
1448 2924 1637 2952 versuum
1658 2920 1822 2967 1537-
