1962 3224
346 205 429 244 358
819 202 1313 244 ANNOTATIONES

345 314 464 353 donis
482 327 558 353 ora
577 327 667 368 quae
686 313 857 353 Boeotz'ae
882 318 952 362 est,
977 325 1093 352 mons
1118 316 1201 351 stat
1220 310 1474 365 Messapias,
1493 323 1520 349 a
1545 309 1644 349 duce
1663 309 1778 350 Mes-

346 395 446 436 sapo
465 381 715 421 nominatus.
754 379 988 435 Stephanus
1008 392 1117 427 vero,
1140 375 1378 417 Μεσσάπιον
1397 377 1486 428 ὄρος
1506 376 1687 427 Εὐβοίας,
1710 375 1780 417 ubi

348 448 533 489 Βοιωτίας
561 455 789 502 reponunt;
826 460 918 486 cum
953 444 1160 500 Stephano
1195 453 1327 484 tamen
1361 443 1559 484 consentit
1593 442 1779 483 Photius.

349 514 576 555 BLOMF.

405 581 570 633 φύλαξι]
592 580 726 633 φύλαξ
745 580 853 620 Rob.

402 649 545 702 μολόν]
568 649 701 699 μολών
723 648 855 687 Turn.
881 646 1020 701 Steph.

408 727 501 770 294.
524 717 561 755 οἱ
581 714 634 770 δ’]
657 714 744 755 οἵτ’
768 713 835 754 Fl.

406 794 501 836 295.
532 782 685 836 γραίας]
711 781 874 821 Veteris.
907 779 1126 835 Sophocles
1144 794 1213 835 ap.
1233 779 1444 820 Plutarch.
1464 780 1575 820 Mor.
1597 793 1637 834 p.
1659 790 1780 818 1100.

348 850 485 902 γραίας
516 849 683 899 ἀκάνθης
718 847 874 888 πάππος
908 847 958 889 ὡς
991 847 1232 899 φυσώμενος.
1265 847 1490 887 BLOMF.
1537 846 1649 898 γαίας
1677 844 1780 885 Ald.

349 917 483 956 Turn.

406 992 500 1035 297.
520 981 674 1037 πεδίον]
697 982 850 1022 παιδίον
869 981 931 1021 Μ.
955 980 1097 1021 Guelf.
1119 979 1221 1021 Ald.

404 1050 586 1090 Ἀσωποῦ
621 1050 677 1089 Τ.
714 1048 855 1104 Steph.
890 1048 996 1089 ὠποῦ
1030 1049 1095 1088 Μ.
1129 1047 1270 1089 Guelf.
1305 1046 1406 1088 Ald.
1445 1046 1553 1088 Rob.
1601 1045 1783 1099 Ὠρωποῦ

350 1117 486 1157 Turn.

407 1184 501 1237 298.
524 1184 626 1224 Post
645 1181 770 1224 λέπας
793 1195 951 1222 comma
976 1179 1210 1236 ponendum
1242 1195 1335 1221 cum
1358 1179 1614 1222 Blomfieldo.
1673 1181 1782 1221 Con-

348 1251 517 1292 structio
536 1259 596 1291 est
615 1250 882 1301 ὑπερθοροῦσα
901 1248 1036 1288 πεδίον
1053 1246 1237 1288 Ἀσωποῦ
1255 1247 1351 1299 πρὸς
1372 1250 1607 1299 Κιθαιρῶνος
1627 1246 1762 1290 λέπας.

404 1331 499 1373 301.
524 1316 701 1371 καίουσα]
725 1314 993 1356 Scribendum
1015 1314 1175 1355 κάουσα.

404 1397 500 1439 302.
530 1385 647 1436 λίμνη
677 1387 887 1436 Γοργῶπις,
918 1381 1036 1437 palus
1063 1380 1315 1435 Ἐσχατιῶτις
1344 1382 1450 1422 circa
1474 1381 1681 1422 Isthmum
1703 1382 1783 1422 Co—

347 1451 606 1492 rinthiaoum.
633 1449 817 1506 Etymol.
840 1450 904 1490 M.
927 1464 967 1505 p.
990 1449 1086 1503 384,
1108 1460 1174 1503 32.
1195 1448 1460 1502 Ἐσχατιῶτις.
1491 1450 1608 1501 λίμνη
1630 1447 1783 1500 κειμένη

347 1521 445 1570 μετὰ
463 1519 532 1559 τὸν
549 1518 931 1570 Ἰσθμόν-ὕστερον
957 1517 999 1556 δὲ
1024 1519 1221 1568 Γοργῶπις
1250 1515 1405 1567 ἐκλήθη,
1437 1516 1514 1557 ἀπὸ
1540 1516 1689 1569 Γόργης
1716 1518 1784 1566 τῆς

350 1585 563 1639 Μεγαρέως
592 1584 792 1638 θυγατρὸς,
823 1583 1004 1636 γυναικὸς
1034 1583 1235 1635 Κορίνθου,
1265 1584 1347 1633 ἥτις
1377 1583 1580 1624 ἀκούσασα
1608 1583 1677 1624 τὸν
1705 1586 1783 1624 τῶν

347 1656 495 1693 παιδῶν
514 1653 653 1704 φόνον,
674 1651 887 1704 περιαλγὴς
907 1650 1096 1703 γενομένη
1117 1649 1278 1702 ἔῤῥιψεν
1299 1649 1438 1700 ἑαυτὴν
1459 1651 1512 1692 εἷς
1537 1649 1607 1700 τὴν
1626 1651 1782 1701 λίμνην.

349 1718 532 1774 Hesych.
554 1721 765 1771 Γοργῶπις.
797 1720 985 1769 Κρατῖνος
1017 1717 1060 1756 ἐν
1087 1716 1259 1769 Πυλαία.
1286 1716 1428 1766 λίμνην
1457 1716 1582 1764 φασὶν
1609 1716 1709 1758 εἶναι
1739 1718 1783 1757 ἐν

350 1787 539 1840 Κορίνθῳ·
573 1784 777 1837 εἰληφέναι
806 1785 848 1824 δὲ
876 1784 1045 1834 τοῦνομα
1067 1784 1130 1823 διὰ
1148 1781 1191 1822 τὸ
1212 1784 1363 1834 Γόργην
1383 1784 1569 1833 ἐμπεσεῖν
1590 1784 1630 1825 ἐς
1650 1783 1782 1834 αὐτήν.

350 1853 578 1892 BLOMF.

404 1932 501 1974 303.
522 1917 829 1971 Αἰγίπλαγκτον]
852 1915 1091 1964 Scholiasta,
1113 1917 1202 1968 ὄρος
1222 1917 1455 1968 Μεγαρίδος.

404 1999 501 2040 304.
529 1985 694 2040 θεσμόν]
716 1986 867 2041 Legem
897 1998 989 2040 quae
1015 1985 1134 2039 ignis
1162 1983 1450 2023 successionem
1480 1984 1658 2039 regebat.
1692 1984 1783 2024 Ho-

348 2068 450 2093 mer.
487 2052 569 2093 Od.
601 2056 648 2093 Ψ.
682 2063 774 2106 297.
809 2050 1022 2092 Ἀσπάσιοι
1054 2049 1231 2102 λέκτροιο
1261 2050 1431 2090 παλαίου
1465 2050 1612 2102 θεσμὸν
1642 2051 1780 2092 ἵκοντο.

349 2120 578 2160 BLOMF.

403 2187 472 2240 μὴ]
498 2186 543 2237 δὴ
564 2187 618 2226 Τ-

405 2254 630 2306 χατίζεσθαι
663 2253 729 2305 (ne
752 2251 983 2293 desiderari
1004 2250 1267 2306 paterentur)
1302 2249 1522 2291 Heathius.
1556 2252 1783 2304 χαρίζεσθαι

348 2319 453 2360 libri.

404 2395 501 2440 305.
523 2383 652 2439 μένει]
674 2384 783 2437 μέρει
804 2384 911 2425 Rob.

403 2453 503 2507 306.
525 2451 710 2504 πώγωνα]
738 2450 873 2491 Schol.
889 2451 1058 2503 πώγωνα
1075 2449 1186 2502 λέγει
1201 2449 1270 2499 τὴν
1286 2451 1342 2492 εἰς
1356 2449 1424 2499 ὀξὺ
1441 2449 1644 2503 λήγουσαν
1660 2451 1784 2503 ἀκμὴν

348 2522 416 2559 τοῦ
442 2518 571 2570 πυρός·
604 2517 667 2557 καὶ
693 2518 714 2556 ὁ
742 2517 884 2569 πώγων
907 2518 982 2569 γὰρ
1010 2518 1063 2559 εἰς
1094 2516 1161 2567 ὀξὺ
1191 2515 1317 2569 λήγει.
1348 2516 1479 2569 ὥσπερ
1512 2517 1574 2557 καὶ
1604 2518 1785 2571 ἀλλαχοῦ

348 2583 492 2635 αὐθάδη
512 2583 661 2636 γνάθον
679 2583 748 2634 τὴν
770 2583 893 2634 ἀκμὴν
910 2585 1035 2635 εἴρηκε
1050 2600 1112 2623 και
1125 2584 1288 2634 ὀξύτητα
1301 2585 1376 2634 τῆς·
1387 2585 1538 2636 σφηνός
1556 2585 1781 2638 (Prometh.

349 2653 436 2704 64.)
460 2651 674 2702 σημείωσαι
701 2652 743 2690 δὲ
764 2651 823 2690 ὅτι
844 2651 886 2690 ἐκ
906 2651 1040 2690 τούτου
1065 2649 1271 2701 ὠνομάσθη
1300 2652 1406 2703 παρὰ
1434 2655 1516 2694 τοῖς
1542 2654 1782 2704 μετεωρολό-

348 2735 442 2771 γοις,
475 2718 679 2770 πωγωνίας
709 2716 843 2769 ἀστήρ.
896 2716 1084 2767 Photius,
1116 2717 1295 2770 Πώγωνα
1324 2719 1453 2770 πυρός.
1484 2718 1554 2769 τὴν
1579 2720 1784 2771 ἀναφορὰν

348 2789 417 2827 τοῦ
454 2786 585 2837 πυρός.
628 2785 835 2837 Εὐριπίδης
865 2783 1008 2839 Φρίξῳ.
1061 2784 1212 2825 Pollux
1244 2797 1284 2835 2,
1317 2784 1383 2826 88.
1421 2786 1464 2825 ἐν
1496 2786 1541 2836 τῇ
1578 2787 1784 2840 τραγῳδίᾳ,

348 2854 489 2905 πώγων
508 2853 638 2903 πυρός,
660 2852 683 2903 ἡ
704 2853 759 2895 εἷς
777 2852 844 2902 ὀξὺ
864 2851 1061 2904 ἆναδρομὴ
1080 2855 1147 2892 τοῦ
1167 2852 1296 2904 πυρός.
1329 2852 1556 2893 BLOMF.

404 2930 500 2974 307.
535 2918 724 2959 κάτοπτον
752 2917 868 2970 πρῶν’
897 2918 1166 2969 ὑπερβάλλειν
1187 2920 1403 2959 Canterus.
1435 2917 1649 2970 κάτοπτρον
1667 2917 1783 2970 πρῶν’

1960 2627 1962 2631 l
1958 2605 1962 2622 ..
1956 2558 1962 2600 ...n
1956 2518 1962 2554 ..ιη
1954 2403 1962 2512 <nm-ad..
1956 2347 1962 2397 ..22-
1954 2279 1962 2342 ..am-L
1956 2258 1962 2274 ,ω
1957 2247 1960 2252 «
1955 2204 1962 2241 21..
1956 2130 1962 2199 .A-...›
