1962 3224
554 177 646 219 AD
677 177 1119 219 CHOEPHORAS.
1487 178 1576 222 50⁹7

112 292 228 332 Bene
255 298 395 333 autem
424 289 658 332 observavit
683 289 923 331 scholiasta:
957 291 1159 343 ἀνοίγεται
1188 290 1212 342 ἡ
1242 290 1381 342 σκηνὴ,
1414 291 1478 333 καὶ
1510 291 1574 333 ἐπὶ

111 359 402 412 ἑγκυκλήματος
443 359 580 412 ὁρᾶται
627 360 677 399 τὰ
716 359 892 411 σώματα·
938 358 966 399 ἃ
1003 357 1118 411 λέγει
1164 360 1309 410 διπλῆν
1348 360 1572 412 τυραννίδα.

113 427 344 470 BLOMF.

170 485 269 539 976.
288 485 332 525 δὲ
350 482 620 525 Abreschius.
651 499 695 524 τε
714 482 822 524 libri.

169 551 265 605 978.
287 550 411 607 ἀθλίῳ
428 550 597 592 Portus.
629 550 775 593 ἀθλίως
793 549 902 592 libri.
953 550 1077 592 Conf.
1098 566 1139 592 v.
1161 551 1261 606 981.

170 619 267 673 981.
299 618 343 659 τὸ
362 617 593 675 μηχάνημα]
617 619 822 660 Astutum
852 618 959 660 illud
979 619 1312 676 Clytaemnestrae
1341 619 1574 670 inventum,

111 685 322 728 indusium
343 685 502 728 exitum
532 701 614 728 non
645 686 830 736 habens;
862 686 972 729 infra
1000 703 1037 730 v.
1066 701 1186 744 1003.
1216 687 1369 730 dicitur
1399 689 1574 741 δόλωμα.

113 755 245 796 SCH.

169 822 267 876 982.
289 821 460 877 χειροῖν]
482 822 598 876 χερσὶ
619 823 759 864 Turn.

173 890 271 945 983.
294 890 431 945 αὐτὸν]
458 889 729 932 scribendum
752 891 846 933 αὐτὸ
867 906 962 932 cum
983 892 1165 934 Aurato.

157 959 446 1016 παρασταδόν]
470 959 632 1015 Prope‚·
660 958 712 1000 de
732 974 781 1000 eo
801 959 957 1001 dictum
979 959 1054 1016 qui
1079 961 1330 1013 παρίσταται,
1350 961 1504 1003 adstat.
1536 962 1579 1003 ἐκ

117 1029 186 1066 τοῦ
221 1027 426 1079 σύνεγγυς.
457 1026 644 1082 Hesych.
696 1027 870 1068 Homer.
906 1027 957 1068 Il.
991 1030 1043 1068 Ο.
1074 1038 1140 1071 22.
1176 1030 1307 1070 Λῦσαι
1341 1027 1372 1069 δ’
1395 1029 1464 1070 οὐκ
1495 1030 1580 1071 ἐδύ-

119 1110 239 1135 ναντο
269 1094 534 1147 παρασταδόν.
588 1093 668 1135 Od.
692 1098 740 1136 K.
764 1104 854 1147 172.
878 1094 1065 1149 ἀνέγειρα
1095 1093 1126 1136 δ’
1151 1096 1327 1148 ἑταίρους
1351 1097 1581 1151 Μειλιχίοις

119 1161 322 1209 Ρεπέεσσι,
343 1161 598 1214 παρασταδὸν
619 1162 742 1214 ἄνδρα
762 1161 968 1204 Ὲέκαστον.
1000 1162 1232 1204 BLOMF.

176 1229 272 1283 984.
303 1228 565 1284 στέγαστρον]
589 1230 920 1285 operimentum.
953 1228 1102 1272 Pollux
1127 1243 1194 1281 10,
1220 1231 1314 1273 180.
1345 1231 1580 1274 Abreschio

118 1296 310 1338 laudatus
322 1313 335 1346 3
365 1297 428 1338 καὶ
449 1296 696 1350 στέγαστρον
716 1298 759 1338 δὲ
779 1297 889 1341 ὅστις
910 1297 1042 1339 ἐθέλει
1061 1297 1280 1350 ὀνομάζειν,
1293 1297 1394 1353 ᾗπερ
1407 1300 1432 1352 ἡ
1447 1299 1581 1352 πολλὴ

118 1367 258 1420 χρῆσις
289 1363 360 1416 τὴν
394 1366 659 1417 στεγαστρίδα
690 1364 894 1418 διφθέραν,
927 1364 998 1406 τὸν
1032 1366 1216 1407 σκύτινον
1246 1370 1385 1409 τοῦτον
1417 1372 1580 1423 χιτῶνα,

121 1432 396 1486 καταφευγέτω
414 1432 477 1473 ἐπὶ
496 1432 566 1473 τὸν
587 1433 793 1486 Αἰσχύλον
815 1433 989 1480 εἰπόντα,
1005 1431 1188 1475 Ὀστέων
1203 1433 1463 1489 στέγαστρον.
1493 1437 1521 1478 i.
1545 1452 1579 1478 e.

115 1501 278 1557 pellem,
299 1500 361 1541 uti
381 1500 590 1556 ingeniose
609 1501 746 1542 locum
767 1500 966 1557 explicuit
987 1502 1346 1546 Hemsterhusius.
1383 1506 1583 1546 Ceterum

111 1578 214 1624 -post
233 1570 383 1620 δείξατε
403 1569 580 1611 subaudi
599 1570 712 1625 ἡλίῳ.
776 1569 843 1610 Sic
873 1569 1024 1627 Eurip.
1048 1571 1120 1612 Or.
1146 1571 1244 1614 812.
1274 1571 1519 1624 μελάνδετον
1540 1574 1584 1615 δὲ

121 1638 232 1692 φόνῳ
258 1636 264 1694 l
290 1638 403 1691 ξίφος
435 1639 474 1681 ἐς
508 1638 629 1691 αὐγᾶς
661 1638 811 1679 ἀελίοιο
847 1637 984 1688 δεῖξαι.
1039 1638 1189 1680 Phoen.
1222 1639 1319 1691 684.
1355 1641 1518 1692 αἵματος
1550 1640 1581 1683 δ’

121 1705 259 1747 ἔδευσε
283 1704 291 1760 Ι
317 1709 450 1758 γαῖαν,
474 1703 500 1745 ἅ
522 1722 583 1746 νιν
605 1706 794 1747 εὐείλοισι
820 1704 825 1762 Ι
853 1709 979 1758 δεῖξεν
1000 1706 1156 1761 αἰθέρος
1175 1712 1330 1751 πνοαῖς.
1372 1709 1502 1751 Herc.
1527 1710 1581 1751 F.

124 1784 247 1827 1207.
279 1773 393 1826 ῥέθος
423 1774 543 1829 ἀελίῳ
574 1777 715 1825 δεῖξον.
761 1773 934 1814 Hesiod.
958 1775 1044 1831 Op.
1066 1776 1166 1830 609.
1192 1776 1283 1817 τότε
1311 1776 1462 1820 πάντας
1482 1778 1581 1818 ἀπό-

123 1846 242 1895 δρεπε
276 1842 433 1883 Ροίκαδε
466 1843 624 1894 βότρυς,
658 1845 797 1892 Δεῖξαι
829 1843 858 1882 δ’
890 1842 1011 1898 ἠελίῳ
1041 1842 1135 1884 δέκα
1167 1844 1198 1884 τ’
1231 1843 1362 1895 ἤματα
1393 1845 1456 1886 καὶ
1488 1845 1584 1887 δέκα

125 1909 276 1951 νύκτας.
311 1907 446 1964 (Virg.
469 1908 525 1950 G.
549 1920 588 1959 2,
612 1909 707 1952 261.
729 1909 929 1965 Aquiloni
947 1910 1157 1951 ostendere
1170 1910 1354 1966 glebas.)
1388 1911 1583 1967 Sophocl.

124 1978 193 2018 El.
214 1975 311 2029 428.
331 1976 431 2031 ἡλίῳ
451 1976 624 2018 δείκνυσι
644 1976 800 2029 τοῦναρ.
837 1976 995 2018 Macho
1014 1992 1080 2034 ap.
1108 1977 1261 2020 Athen.
1284 1979 1321 2019 ὃ.
1343 1994 1383 2034 p.
1405 1992 1504 2035 349.
1525 1981 1584 2022 A.

126 2044 189 2085 καὶ
218 2042 380 2086 κυάθους
403 2043 577 2087 πολλοὺς
601 2044 755 2096 λαβὼν,
775 2045 843 2100 Τῷ
865 2043 898 2086 θ’
920 2045 1018 2101 ἡλίῳ
1038 2045 1109 2097 τὴν
1125 2046 1263 2087 κύλικα
1282 2047 1422 2098 δείξας,
1446 2049 1586 2089 συντό-

123 2129 204 2164 μως
224 2112 336 2152 Πιὼν
355 2110 550 2153 ἐκάθευδε.
581 2111 678 2152 Vid.
702 2112 824 2154 Miso.
848 2113 970 2155 Obss.
998 2127 1062 2155 11.
1082 2130 1126 2171 p.
1145 2126 1212 2157 21.
1246 2115 1479 2157 BLOMF.

183 2177 354 2231 ἀνδρῶν]
378 2177 649 2219 Scribendum
674 2180 814 2233 ἀνδρὸς
833 2196 928 2222 cum
952 2183 1017 2223 M.
1040 2182 1152 2223 Rob.

182 2248 243 2297 ἴδῃ
264 2247 328 2287 Μ.
352 2245 495 2287 Guelf.
516 2256 725 2288 correctus
744 2256 785 2288 et
806 2248 918 2290 Rob.
951 2250 1027 2290 ἴδοι
1046 2248 1140 2291 libri
1160 2250 1321 2306 reliqui.

183 2313 281 2367 986.
311 2313 471 2368 μητρὸς]
505 2313 650 2367 ματρὸς
678 2314 783 2355 Ald.
816 2317 953 2358 Turn.
1006 2316 1091 2362 Qui
1118 2317 1315 2374 frequens
1344 2318 1387 2360 in
1415 2318 1586 2361 Aldinis

127 2379 374 2436 tragicorum
396 2380 645 2422 editionibus
664 2397 777 2423 error
796 2392 869 2425 est.

183 2449 282 2503 987.
306 2447 547 2499 Scholiasta,
568 2450 613 2490 ἐν
632 2450 740 2501 δίκῃ;
774 2452 818 2493 ἐν
836 2455 883 2504 τῇ
906 2454 1032 2506 κρίσει
1050 2457 1128 2495 τῶν
1146 2453 1350 2508 Ἐρινύων.

187 2515 282 2570 989.
332 2514 438 2568 λέγω
489 2516 626 2558 Turn.
670 2517 814 2575 Steph.
854 2528 896 2560 et
935 2520 1164 2562 scholiasta.
1223 2521 1340 2575 ψέγω
1380 2521 1474 2564 libri
1523 2538 1587 2565 re-

130 2582 247 2639 liqui.

186 2662 284 2705 990.
305 2650 576 2705 αἰσχυντῆρος]
605 2651 689 2699 Qui
707 2652 897 2694 dedecore
916 2654 1059 2709 qfficz‘t,
1083 2656 1360 2711 Stupratoris.
1408 2657 1586 2698 Homer.

133 2717 214 2759 Od.
244 2721 294 2759 Θ.
326 2717 394 2759 26.
419 2715 734 2769 Ἀρης-πολλᾶ
764 2720 794 2759 δ’
823 2720 958 2771 ἔδωκε,
987 2721 1108 2775 λέχος
1135 2721 1167 2763 δ’
1198 2724 1350 2776 ᾔσχυνε
1380 2725 1443 2765 καὶ
1474 2724 1591 2776 εὐνὴν

130 2783 374 2838 Ἡφαίστοιο
396 2783 600 2827 Ράνακτος.
647 2785 883 2841 Stephanus
903 2786 1047 2829 laudat
1069 2789 1254 2845 Lysiam,
1276 2794 1358 2834 τοῖς
1376 2793 1483 2844 παρὰ
1502 2791 1598 2835 τοὺς

135 2853 276 2904 νόμους
305 2854 374 2896 τὰς
397 2852 610 2905 ἀλλοτρίας
640 2853 947 2907 καταισχύνουσι
967 2859 1166 2908 γυναῖκας.
1228 2856 1296 2900 Sic
1314 2858 1470 2915 Agam.
1489 2870 1591 2915 392.

797 2933 822 2975 3
847 2935 867 2961 s
891 2933 915 2961 2
