1962 3224
626 176 717 218 AD
747 175 1142 218 EUMENIDES.
1534 171 1623 216 559

215 291 312 344 607.
343 292 424 332 πῶς
442 287 519 342 γάρ
540 285 600 342 α’]
622 289 703 330 πῶς
721 285 798 339 γάρ
817 285 851 326 τ’
872 283 973 326 Ald.
1016 287 1099 328 πῶς
1118 283 1154 337 γ’
1178 285 1213 326 εἰ
1232 282 1269 324 σ’
1293 282 1405 324 Rob.
1424 282 1466 323 in
1494 281 1621 324 corri-

155 357 314 415 gendis.
344 360 424 401 πῶς
441 357 467 408 ἥ
482 354 518 397 σ’
537 354 744 397 Stanleius
759 353 926 395 frustra.
956 356 1049 401 πῶς,
1070 352 1270 410 quomodo
1293 352 1380 393 nisi
1405 352 1625 408 sanguine

157 441 246 468 suo.

216 494 314 535 608.
336 491 520 548 ἀπεύχει]
544 491 697 547 ἀπεύχῃ
717 489 824 531 libri.

216 560 330 616 αἷμα]
354 561 448 611 αἷμα
467 559 513 600 τὸ
535 557 679 600 Guelf.
701 557 802 599 Ald.
827 557 938 598 Rob.

217 629 314 669 610.
331 628 421 683 σὺν]
450 626 723 668 Scribendum
746 626 816 678 ξὺν
837 641 931 666 cum
955 626 1156 666 Porsono.

215 696 312 751 615.
334 696 502 750 δικαίως]
529 696 679 738 δικαίας
700 694 801 735 Ald.
826 695 966 735 Turn.

216 763 272 805 ὢν
291 762 322 804 δ’
346 766 563 805 Canterus.
595 761 626 803 δ’
648 761 703 804 ὢν
723 761 828 803 libri.
861 761 893 803 δ’
915 760 1034 816 ejecit
1056 761 1194 801 Turn.

217 831 315 873 618.
335 830 516 872 ’κέλευσε
538 831 762 871 Porsonus.
794 830 976 871 κελεύσει
996 828 1102 870 libri.
1136 827 1412 870 Scribendum
1437 827 1627 869 κελεύσαι

161 914 255 941 cum
279 900 535 940 Hermanno.

219 969 317 1009 622.
337 967 472 1020 λέγεις
488 966 551 1014 σὺ,
574 966 709 1023 τόνδε]
731 965 877 1019 λέγεις,
900 965 966 1006 σοὶ
985 966 1100 1007 τόνδε
1122 965 1369 1022 Burgesius.

220 1035 317 1089 629.
342 1035 522 1088 ἀκούσει]
548 1034 697 1090 ἀκούσῃ
720 1033 826 1074 libri.

220 1103 318 1157 631.
338 1101 425 1157 μιν]
452 1101 723 1143 Scribendum
748 1118 809 1143 νιν
830 1116 923 1143 cum
948 1101 1147 1142 Porsono.

218 1169 493 1224 ἠμποληκότα]
543 1171 722 1221 ε’μπολᾶν
771 1178 874 1210 teste
915 1168 1130 1226 Hesychio
1168 1168 1196 1210 i.
1232 1185 1267 1211 e.
1304 1184 1345 1225 q.
1395 1173 1628 1223 περιποιεῖν,

162 1238 518 1291 πραγματεύεσθαι,
555 1247 628 1278 aut
664 1235 892 1278 secundum
923 1235 1049 1278 schol.
1081 1236 1124 1277 in
1168 1236 1360 1294 Sophocl.
1403 1236 1553 1293 Antig.
1590 1253 1628 1278 v.

166 1319 288 1360 1049.
311 1306 540 1359 κερδαίνειν,
562 1309 795 1358 περιποιεῖν.
856 1305 1007 1360 Itaque
1028 1305 1105 1346 ἀπὸ
1130 1306 1339 1359 στρατείας
1355 1322 1425 1359 μιν
1450 1306 1628 1358 ἠμπολη-

166 1374 261 1415 κότα
290 1375 339 1414 τὰ
367 1371 522 1414 πλεῖστ’
555 1373 745 1425 ἀμείνονα
777 1372 1002 1429 significat:
1035 1388 1126 1414 cum
1151 1375 1265 1415 enim
1288 1375 1341 1415 ab
1369 1375 1632 1431 empeditione

163 1441 305 1482 bellica
325 1441 521 1497 plurima
550 1441 722 1482 meliora
751 1441 1040 1497 lucrffkcisset,
1065 1441 1106 1483 h.
1129 1457 1166 1483 e.
1201 1441 1355 1483 multas
1384 1457 1449 1483 res
1472 1442 1632 1499 optime

164 1507 367 1565 gessisset.
402 1509 534 1550 SCH.

222 1577 320 1632 632.
353 1575 544 1631 ἀμείνον’]
587 1576 750 1628 ἄμεινον
784 1574 889 1618 Ald.
935 1576 1037 1618 Post
1067 1575 1180 1618 hunc
1215 1592 1381 1618 versum
1409 1576 1633 1619 indicanda

165 1643 325 1686 lacuna.

224 1714 324 1768 633.
348 1712 498 1767 δροίτῃ]
523 1713 638 1765 δρύτῃ
661 1711 805 1768 Steph.

225 1781 322 1835 634.
343 1779 670 1836 παρεσκήνωσεν]
694 1779 998 1833 παρεσκήνησεν
1019 1780 1156 1821 Turn.
1180 1779 1325 1836 Steph.

225 1847 409 1900 ἀτέρμονι
423 1847 556 1903 (exitu
574 1847 983 1902 carente)—-⁷re'7r>xq›]
1005 1848 1169 1901 ἄπειρον
1185 1849 1496 1902 ἀμφίβληστρον
1511 1864 1634 1890 voca-

169 1914 227 1957 vit
247 1916 400 1970 Agam.
424 1928 441 1955 Ι
447 1915 544 1970 382.
567 1916 730 1968 ἄπειρον
748 1916 916 1968 ὕφασμα
936 1914 1164 1972 Euripides
1185 1917 1322 1958 Orest.
1345 1927 1412 1972 25.

226 1983 324 2038 636.
343 1982 473 2039 οὗτος]
494 1983 614 2026 οὕτως
634 1983 734 2024 Ald.
758 1983 896 2023 Turn.
920 1982 1067 2039 Steph.

227 2050 324 2105 638.
346 2050 491 2107 δηχθῇ]
514 2052 650 2104 δειχθῇ
673 2051 740 2091 M.
762 2050 874 2092 Rob.

227 2119 325 2173 639.
346 2118 494 2172 ὅσπερ]
515 2119 649 2171 ὥσπερ
670 2117 781 2160 Rob.

227 2188 325 2240 643.
347 2186 473 2243 ταῦτ’]
496 2185 598 2227 τοῦτ’
623 2185 725 2227 Ald.
749 2187 885 2227 Turn.

172 2278 178 2281 ,
228 2254 326 2308 645.
348 2252 417 2308 ἂν]
440 2253 486 2296 ἃς
508 2252 651 2294 Guels.
673 2252 773 2294 Ald.
799 2254 935 2294 Turn.

229 2322 327 2376 650.
358 2321 440 2362 ἄνω
462 2321 525 2362 καὶ
544 2319 646 2362 κάτω
673 2335 767 2362 cum
791 2320 989 2374 στρέφων,
1016 2336 1097 2362 non
1128 2337 1222 2363 cum
1255 2325 1409 2376 τίθησιν
1438 2324 1636 2382 copulan-
1705 2366 1715 2373 ‚

172 2386 297 2429 dum:
329 2394 464 2429 cetera
493 2402 590 2430 vero
619 2390 760 2429 omnia
780 2390 954 2445 Jupiter
982 2391 1212 2441 constituit,
1243 2406 1413 2434 summm
1442 2393 1636 2436 deorsum

174 2455 368 2502 volven3,·
401 2454 443 2496 h.
463 2470 498 2496 e.
529 2455 654 2497 modo
675 2455 748 2507 sic,
774 2456 899 2498 modo
927 2456 1046 2498 aliter
1075 2457 1270 2515 dirigens.
1306 2461 1438 2504 SCH.
1480 2479 1526 2504 τε
1554 2477 1634 2504 om.

176 2522 242 2563 M.
265 2521 409 2563 Guelf.
431 2521 534 2563 Ald.

233 2590 328 2643 651.
351 2589 466 2630 οὐδὲν
486 2590 712 2641 ἀσθμαίνων
730 2590 860 2645 μένει]
897 2593 964 2632 De
995 2593 1158 2634 viribus
1187 2593 1303 2635 nullo
1323 2593 1462 2636 labore
1481 2596 1638 2638 exhau-

175 2656 335 2697 riendis
355 2655 521 2706 dicitur,
543 2656 626 2697 sive
645 2656 698 2698 de
717 2657 921 2699 eminente
936 2660 967 2699 J
970 2659 1058 2700 ovis
1077 2660 1278 2716 potentia,
1299 2662 1366 2702 cui
1388 2662 1490 2703 nihil
1510 2679 1639 2720 grave

176 2732 249 2763 aut
279 2722 441 2764 difficile
469 2732 544 2764 est.
593 2723 734 2764 Facili
762 2738 903 2780 opera,
927 2740 1010 2766 uno
1033 2727 1150 2782 quasi
1180 2727 1354 2784 impetu,
1378 2744 1460 2771 non
1480 2731 1639 2774 laboris

176 2791 365 2842 anhelus,
387 2800 434 2832 ut
454 2790 638 2847 loquitur
661 2790 731 2832 Sil.
755 2790 851 2832 Ital.
878 2803 944 2845 15,
962 2802 1058 2845 721.
1079 2808 1217 2850 neque
1236 2796 1436 2848 ἄσθματος
1457 2799 1522 2840 καὶ
1541 2800 1640 2842 ἀπο-

176 2859 262 2911 ρίας
287 2858 432 2910 μεστὸς
462 2860 689 2911 γενόμενος,
721 2867 769 2899 ut
795 2873 862 2915 ap.
898 2858 1006 2902 Plat.
1037 2861 1091 2902 de
1121 2863 1229 2919 Rep.
1261 2879 1304 2920 p.
1334 2866 1433 2920 496.
1484 2867 1639 2910 Noster

179 2940 306 2982 supra
337 2941 376 2968 v.
411 2938 505 2981 243.
541 2931 710 2971 πολλοῖς
747 2926 910 2980 μόχθοις
948 2927 1188 2982 ἀνδροκμῆσι
1222 2932 1348 2987 φυσιᾷ
1384 2934 1637 2991 σπλάγχνον.
