1962 3224
541 182 630 222 AD
663 181 1199 223 AGAMEMNONEM.
1525 183 1610 225 375

140 292 271 342 redit;
316 293 646 350 Agamemnonis
675 301 813 334 autem
845 306 1063 348 personam
1102 291 1239 333 induit
1273 292 1432 344 histrio,
1463 293 1537 349 qui
1569 294 1610 334 in

139 361 217 402 hac
238 377 357 403 scena
376 361 578 418 praeconis
598 370 736 418 partes
756 361 855 417 agit.
888 361 1123 404 BLOMF.

198 432 293 484 613.
316 428 463 482 κόμπος
481 432 548 481 τῆς
568 430 756 481 ἀληθείας
776 428 929 485 γέμων]
953 431 1085 471 Hunc
1105 429 1242 471 locum
1263 429 1452 470 imitatur
1470 428 1611 470 Theo-

139 496 362 554 phylactus
393 496 541 539 Simoc.
560 497 721 539 Histor.
744 510 785 550 2,
810 499 848 540 8.
883 514 921 554 p.
943 511 1000 551 40
1022 499 1104 540 D.:
1140 498 1203 540 καὶ
1225 496 1372 550 κόμπος
1391 514 1450 540 τις
1469 497 1520 548 ἢν
1544 499 1612 548 τῆς

141 565 329 616 ἀληθείας
346 566 538 620 χηρεύων.

198 633 294 674 616.
325 631 474 687 λόγον]
504 634 654 675 Veram
687 633 902 676 lectionem
926 633 1077 689 λόγοις,
1101 644 1150 676 ut
1169 633 1332 691 opinor,
1353 633 1611 675 conservavit

141 696 370 746 scholiasta,
392 700 514 743 οὕτως
539 699 651 742 εἶπεν
671 700 855 754 ἀκριβέσι
884 699 1024 755 λόγοις
1055 702 1118 743 καὶ
1150 703 1403 755 ἐξηγητικοῖς,
1427 701 1532 742 ὥστε
1563 718 1612 742 σε

139 768 292 816 μαθεῖν.
326 767 558 809 BLOMF.

197 836 294 888 617.
317 835 455 891 κήρυξ]
482 836 757 878 Scribendum
779 839 908 890 κῆρυξ.

198 903 298 945 620.
329 904 399 945 οὐκ
419 904 504 946 ἔσθ’
525 906 630 948 ὅπως
650 904 825 960 λέξαιμι]
858 906 926 946 De
949 904 1256 946 constructione
1275 904 1360 945 vid.
1382 902 1534 944 Monk.
1557 903 1611 944 ad

139 970 291 1028 Eurip.
314 971 473 1014 Alcest.
500 986 593 1029 113.
627 973 909 1025 Constructio,
931 982 979 1014 ut
1001 972 1181 1024 videtur,
1203 972 1292 1014 haec
1313 984 1399 1020 est;
1434 973 1503 1014 οὐκ
1526 971 1610 1014 ἔσθ’

138 1039 244 1083 ὅπως
273 1039 430 1092 λέξαιμι
459 1044 508 1083 τὰ
541 1044 671 1095 ψευδῆ
707 1043 810 1083 καλὰ
842 1042 1002 1095 φίλοισι
1032 1044 1278 1094 καρποῦσθαι
1310 1042 1351 1084 ἐς
1383 1041 1456 1082 τὸν
1482 1040 1612 1082 πολὺν

137 1105 298 1160 χρόνον.
349 1108 394 1148 F
391 1109 471 1149 ieri
490 1110 634 1165 nequit
652 1114 700 1150 ut
720 1109 854 1149 dicam
868 1108 999 1163 ffilsa
1027 1122 1077 1148 ac
1106 1110 1291 1164 speciosa
1314 1108 1465 1164 quibus
1485 1108 1611 1148 amici

139 1173 214 1215 diu
210 1173 452 1229 fruantur,
464 1176 622 1233 quippe
634 1175 750 1217 brevi
766 1185 952 1232 tempore
966 1174 1144 1216 mendax
1160 1175 1357 1216 inveniar.
1377 1176 1609 1216 BLOMF.

197 1243 294 1285 622.
324 1247 405 1287 πῶς
435 1242 530 1299 δῆτ’]
555 1244 764 1292 Quomodo
777 1245 887 1300 fieri
910 1250 1046 1300 potest
1070 1249 1120 1284 ut
1148 1258 1338 1284 narrans
1368 1257 1481 1294 vera,
1504 1244 1611 1285 bona

137 1311 268 1352 simul
293 1326 445 1354 narres
461 1314 482 1353 ,9
511 1327 690 1369 namque
718 1312 804 1353 haec
833 1326 859 1353 a
891 1318 929 1353 te
961 1311 1080 1353 modo
1103 1311 1317 1366 disjuncta
1326 1312 1479 1368 ficisse
1504 1312 1612 1353 satis

137 1386 330 1435 apparet.
390 1380 522 1422 Recte
541 1390 679 1422 autem
704 1380 918 1431 Pauwius,
942 1385 970 1405 ‘⁶
985 1380 1085 1421 dum
1087 1380 1218 1436 sillam
1238 1395 1266 1421 a
1287 1381 1399 1421 veris
1419 1394 1608 1436 separas,

120 1447 266 1502 facile
299 1454 478 1505 apparet
510 1449 613 1506 quid
646 1449 749 1490 velis
781 1449 979 1505 ‘nobisque
1013 1449 1206 1490 dicturus
1239 1449 1343 1490 sis?
1374 1449 1607 1490 BLOMF.

140 1514 270 1557 Chori
300 1527 437 1573 partes
466 1533 542 1575 per
562 1525 691 1559 totam
713 1517 820 1558 hanc
850 1532 1011 1559 scenam
1033 1517 1075 1558 in
1097 1516 1191 1558 edd.
1216 1516 1362 1573 steph.
1379 1526 1420 1558 et
1442 1517 1610 1558 Canteri

139 1584 471 1642 Clytaemnestrae
492 1586 749 1628 tribuuntur.

196 1654 328 1708 τύχοις
348 1655 574 1697 Porsonus.
605 1656 725 1711 τύχῃς
744 1653 849 1695 libri.

196 1723 293 1777 623.
314 1724 509 1779 γίγνεται]
530 1724 682 1778 γίνεται
703 1722 770 1764 Fl.
795 1723 852 1764 T.

197 1790 295 1843 624.
326 1790 534 1847 Ἀχαϊκοῦ]
571 1790 844 1833 Scribendum
882 1790 1088 1844 Ἀχαιικοῦ
1123 1806 1173 1832 ex
1212 1790 1278 1832 Fl.
1312 1791 1368 1831 T.
1425 1789 1520 1831 Vid.
1554 1790 1608 1831 ad

140 1858 292 1915 Eurip.
314 1860 423 1901 Hec.
446 1860 542 1914 287.

197 1928 294 1968 628.
317 1928 448 1983 ἄκρος]
476 1927 548 1969 Gl.
570 1931 734 1981 πρῶτος,
756 1926 955 1980 ἐξαίρετος
975 1926 1016 1967 in
1040 1927 1097 1969 Τ.

197 1995 295 2050 633.
327 1994 562 2050 τρέφοντος]
588 1995 815 2051 Eleganter
834 1994 988 2036 dicitur
1011 1994 1080 2036 Sol
1101 1995 1271 2036 ‘nutrire
1295 1994 1454 2036 telluris
1483 2003 1606 2036 natu-

139 2078 240 2104 ram.
293 2063 420 2120 Soph.
443 2063 550 2104 OEd.
583 2065 640 2104 T.
667 2075 789 2119 1425.
821 2062 893 2114 τὴν
922 2065 1020 2116 γοῦν
1049 2062 1180 2104 πάντα
1206 2063 1442 2114 βόσκουσαν
1468 2065 1607 2117 φλόγα

139 2130 313 2173 Αἶδεῖσθ’
335 2132 502 2174 ἄνακτος
520 2130 679 2173 Ἡλίου.
715 2131 944 2172 BLOMF.

197 2201 294 2255 637.
330 2200 451 2254 χωρὶς
479 2200 502 2251 ἡ
533 2199 622 2252 τιμὴ
658 2199 774 2255 θεῶν]
811 2197 1054 2249 Scholiasta,
1088 2197 1213 2251 ἤγουν
1244 2201 1367 2239 ταῦτα
1401 2198 1604 2252 λέγοντες,

139 2267 375 2320 ἆτιμάζομευ
404 2268 495 2311 τοὺς
526 2268 652 2311 θεούς.
704 2269 756 2309 Ρ.
776 2266 985 2309 Victorius
1012 2267 1062 2308 V.
1088 2267 1141 2308 L.
1171 2280 1238 2317 20,
1270 2279 1337 2310 22.
1368 2267 1446 2308 hoc
1480 2267 1605 2308 modo

136 2335 329 2392 exponit:
365 2340 392 2360 “
407 2335 582 2378 liberum
604 2345 895 2392 remotumque
915 2350 1002 2377 esse
1021 2334 1075 2376 ab
1094 2334 1207 2376 omni
1228 2335 1516 2392 hujuscemodi
1548 2351 1604 2386 re,

140 2405 215 2457 (sc.
237 2403 386 2445 nuntio
404 2403 522 2457 mali)
543 2404 751 2461 quidquid
781 2405 834 2447 ad
860 2405 975 2446 Deos
1003 2403 1199 2445 colendos
1228 2403 1446 2460 pertinet.”
1496 2405 1605 2446 Rec-

138 2471 277 2523 tius,m
313 2487 362 2513 ea
390 2472 558 2528 quidem
591 2474 807 2523 sententia,
847 2471 1069 2522 stanleius,
1103 2473 1219 2528 quod
1251 2472 1357 2514 alius
1389 2473 1441 2514 sit
1473 2473 1604 2515 honos

137 2555 279 2582 eorum
313 2541 500 2582 Deorum
533 2541 607 2597 qui
640 2541 751 2582 bona
781 2541 968 2591 mittunt,
996 2540 1102 2582 alius
1131 2555 1273 2582 eorum
1306 2540 1381 2597 qui
1407 2540 1530 2592 mala,
1558 2550 1603 2582 ut

139 2608 343 2665 Erinyes3
376 2618 417 2650 et
438 2608 494 2649 sic
515 2609 672 2651 Heath.
734 2610 786 2650 In
817 2609 898 2650 hoc
929 2623 1051 2650 sensu
1073 2608 1326 2662 disjunctivo
1355 2608 1604 2666 plerumque

138 2677 309 2734 ponitur
347 2679 479 2732 χωρίς.
536 2677 730 2734 Sophocl.
763 2676 871 2718 OEd.
908 2676 999 2718 Col.
1035 2676 1132 2718 808.
1163 2677 1284 2731 χωρὶς
1322 2678 1369 2718 τό
1407 2676 1439 2717 τ’
1477 2679 1603 2719 εἰπεῖν

137 2747 286 2794 πολλὰ,
310 2746 373 2787 καὶ
393 2745 438 2786 τὸ
460 2746 601 2798 καίρια.
631 2745 783 2801 Eurip.
806 2745 898 2786 Ion.
928 2746 1046 2786 1016.
1069 2747 1125 2788 εἷς
1145 2745 1190 2787 ἓν
1210 2747 1254 2787 δὲ
1275 2745 1449 2799 κραθέντ’
1468 2746 1602 2793 αὐτὸν,

137 2813 161 2865 ἢ
190 2814 323 2868 χωρὶς,
346 2817 508 2866 φορεῖς;
542 2812 770 2869 Phrynich.
804 2813 921 2868 App.
955 2812 1083 2869 Soph.
1104 2828 1146 2869 p.
1168 2823 1236 2867 72.
1257 2814 1386 2867 Χωρὶς
1412 2815 1602 2856 οἰκοῦσιν.

139 2882 225 2922 οἶον
245 2881 508 2933 διεστήκασιν.
540 2881 670 2934 Χωρὶς
696 2884 773 2934 γὰρ
793 2879 940 2922 οἰκοΰσ’
963 2881 1113 2934 αἱρεταὶ
1142 2885 1220 2923 τῶν
1249 2882 1413 2933 ἡδονῶν.
1469 2882 1602 2924 Simo-
