1962 3224
619 159 710 200 AD
742 157 966 199 SUPPLI
973 154 1100 197 CES.
1512 153 1598 197 629

135 269 337 327 scriptura
369 278 564 326 corrupta
593 268 746 322 πράξαν
778 283 829 309 ex
862 268 929 308 M.
964 265 1106 308 Guelf.
1136 264 1238 307 Ald.
1271 265 1382 307 Rob.
1413 264 1601 319 πράπραξ

134 347 344 380 enotatum
365 353 418 380 ex
439 339 533 379 Par.

193 407 288 462 831.
308 407 354 458 ἠὲ
372 406 433 462 ἠὲ]
455 408 489 447 ἰὲ
510 407 545 447 l}
565 405 676 446 Rob.
702 403 846 460 Steph.

192 474 287 530 835.
319 474 498 527 δύσφορα
528 473 596 515 ναῒ
619 473 692 514 κᾶν
712 475 765 527 γᾷ
788 473 851 513 Μ.
874 471 985 513 Rob.
1008 469 1153 527 Steph.
1186 471 1392 524 δύσφοραν
1412 469 1453 511 αἲ
1474 469 1505 511 κ’
1528 471 1597 524 γαὶ

135 541 277 584 Guelf.
309 543 514 595 δύσφοραν
533 541 576 583 ἆὶ·
593 541 666 583 κᾶν
685 545 758 595 γαῖ
772 540 876 581 Ald.
907 541 1110 593 δύσφορον
1130 539 1198 581 ναῒ
1215 539 1288 580 κᾶν
1307 540 1360 593 γᾷ
1383 540 1520 580 Turn.

192 610 289 665 836.
321 610 435 666 ἄναξ]
468 609 709 661 Scholiasta,
736 608 766 650 ὦ
788 609 996 661 Πελασγὲ,
1021 608 1095 661 πρὸ
1126 608 1236 659 ἡμῶν
1261 607 1496 660 παράταξαι.
1527 612 1597 662 γαῖ

135 678 243 732 (γαῖ’
265 677 429 732 Guelf.)
462 676 565 728 ἄναξ
589 678 654 718 Μ.
676 676 821 719 Guelf.
843 675 945 717 Ald.
974 675 1085 716 Rob.
1116 676 1230 731 quod
1262 675 1327 716 vel
1357 691 1411 717 ex
1439 691 1594 733 praece·

132 744 256 786 dente
284 746 336 799 γᾷ
366 745 586 801 repetitum
609 746 674 786 vel
702 760 752 786 ex
784 743 877 791 δάϊ’,
899 758 992 784 oum
1020 743 1155 784 verbis
1184 743 1466 800 superioribus
1495 760 1593 786 con-

127 812 361 869 jungendo,
383 822 519 854 ortum
542 828 628 854 esse
647 822 795 869 potest.

192 881 286 937 837.
318 882 423 924 ὅπως
451 880 603 937 ποδῶν]
637 879 890 922 Sententiam
923 879 1104 936 explevit
1138 879 1368 931 scholiasta,
1401 882 1451 924 ὡς
1481 881 1596 936 ἔχετε

133 949 276 1003 τάχους
295 952 437 990 ποδῶν.

193 1017 290 1072 838.
322 1018 462 1059 οὐκοῦν
491 1017 857 1072 οὐκοῦν-κρατός]
885 1016 926 1058 Si
949 1027 1057 1058 recte
1076 1016 1166 1058 haec
1186 1017 1313 1059 choro
1334 1018 1593 1070 tribuuntur,

134 1100 276 1126 sensus
295 1095 378 1126 est:
413 1087 537 1142 Ergo
556 1101 631 1127 nos
647 1092 815 1127 manent
829 1086 1072 1143 capillorum
1092 1086 1314 1137 vulsiones,
1329 1089 1593 1141 punctiones,

134 1162 305 1196 cruenta
338 1155 503 1210 letifera
541 1157 692 1212 capitis
726 1156 935 1196 abscissio.
997 1154 1245 1196 Scholiastes
1278 1164 1416 1196 autem
1453 1155 1494 1196 in
1532 1155 1595 1196 his

133 1223 335 1280 praeconis
355 1223 484 1265 minas
501 1223 731 1265 continuari
751 1222 1011 1264 existimavit.
1056 1223 1167 1263 Nam
1188 1222 1431 1265 adverbium
1455 1225 1595 1265 οὐκοῦν

135 1291 190 1333 sic
210 1292 380 1349 exponit
397 1308 406 1333 :
441 1293 543 1335 ἰδίως
561 1296 689 1340 τοῦτο,
712 1293 798 1333 ἀντὶ
817 1295 899 1339 τοῦ,
923 1293 958 1333 εἶ
977 1293 1020 1332 δὲ
1038 1291 1102 1343 μή.

193 1360 290 1416 839.
311 1360 504 1401 Alterum
524 1361 654 1412 τιλμοὶ
674 1374 754 1400 om.
778 1359 889 1400 Rob.

194 1429 289 1481 842.
320 1429 510 1480 ὀλόμεναι
536 1427 693 1479 ὀλόμεν’
714 1442 766 1468 ex
787 1428 924 1469 Turn.
945 1438 986 1468 et
1009 1427 1154 1484 Steph.
1176 1427 1427 1469 editionibus
1444 1445 1595 1486 propa-

133 1506 276 1552 gatum
307 1506 381 1537 est.
414 1497 603 1548 ὀλύμεναι
632 1497 780 1547 ὀλόμεν
803 1497 869 1536 Μ.
902 1497 1092 1547 ὀλύμεναι
1122 1495 1281 1549 ὀλόμεν’
1309 1497 1452 1539 Guelf.
1483 1499 1592 1539 ὀλοί-

131 1581 246 1616 μεναι
265 1562 423 1615 ὀλύμεν’
445 1563 548 1604 Ald.
579 1565 797 1615 ὀλλύμεναι
817 1562 1055 1620 simpliciter
1076 1564 1187 1605 Rob.

190 1633 287 1683 842.
311 1631 404 1684 847.
434 1630 628 1672 Ridiculo
648 1646 784 1672 errore
803 1631 843 1672 in
866 1631 979 1673 libris
999 1633 1118 1683 ἀμίδα
1136 1631 1352 1688 scriptum,
1372 1633 1486 1689 quod
1511 1649 1590 1674 non

130 1708 302 1755 apparet
316 1698 526 1754 quomodo
541 1714 685 1740 navem
703 1699 931 1754 significare
946 1699 1086 1756 possit.
1111 1699 1241 1752 ἆμάδα
1256 1699 1416 1756 scripsit
1436 1701 1592 1742 Schue-

133 1765 253 1814 tzius‚
287 1781 383 1821 quae
418 1766 653 1822 conjectura
690 1768 834 1822 Etym.
870 1768 934 1808 M.
977 1782 1017 1823 p.
1059 1780 1129 1822 75,
1167 1779 1232 1808 22.
1271 1767 1407 1809 verbis
1448 1768 1593 1809 nititur

133 1831 266 1873 alieno
287 1832 376 1873 loco
395 1848 427 1874 s.
449 1849 488 1874 v,
507 1832 694 1885 Ἀμάδιος
712 1834 848 1882 illatis,
871 1834 1000 1886 ἂμάδα
1020 1835 1091 1886 τὴν
1111 1838 1208 1875 ναῦν
1229 1836 1444 1888 Αἰσχύλος.
1472 1836 1594 1892 cujus

133 1899 280 1956 glossae
301 1915 437 1941 veram
460 1901 704 1958 scripturam
726 1902 902 1943 servavit
924 1902 1178 1959 Hesychius,
1200 1904 1358 1955 ἄμαλαε
1395 1905 1466 1956 τὴν
1497 1909 1595 1947 ναῦν

135 1968 213 2010 ἀπὸ
234 1971 303 2009 τοῦ
323 1969 426 2020 ἀμᾶν
445 1969 516 2020 τὴν
537 1970 627 2010 ἅλα.
659 1970 860 2024 Αἰσχύλος
879 1974 1038 2023 Πρωτεῖ
1055 1974 1263 2027 σατυρικῷ.

194 2036 291 2091 843.
313 2035 380 2077 εἶτ’
396 2037 491 2092 ἀνὰ]
515 2036 562 2078 ἴτ’
585 2038 661 2078 ἀνὰ
682 2037 899 2080 Stanleius.
932 2039 1070 2080 εἶθάνα
1091 2040 1156 2080 Μ.
1179 2041 1250 2080 εἰτ’
1270 2041 1347 2081 ἀνὰ
1367 2039 1456 2094 (sic)
1482 2041 1593 2082 Rob.

135 2103 202 2145 εἴτ’
224 2105 301 2145 ἆνᾶ
322 2104 465 2160 steph.
496 2103 626 2146 ἀθάνα
645 2105 746 2146 Ald.
770 2107 905 2147 Turn.

193 2173 450 2228 πολύρρυτον]
471 2175 720 2227 πολύρρογον
739 2174 842 2215 Ald.
863 2190 913 2216 ex
943 2191 1028 2231 quo
1054 2176 1312 2229 πολύρρωγον
1331 2176 1431 2218 fecit
1454 2178 1593 2218 Turn.

134 2241 268 2282 Recte
307 2240 572 2282 Wellauerus
619 2243 852 2295 πολύρυτον.
931 2243 1153 2285 Manifeste
1196 2244 1303 2285 enim
1345 2244 1412 2286 hic
1452 2261 1595 2287 versus

134 2308 352 2364 respondet
372 2309 668 2366 antistrophico
689 2311 787 2365 854.

194 2378 292 2432 845.
314 2377 527 2433 δεσποσίῳ]
550 2380 748 2433 θεσπεσίῳ
771 2379 908 2420 Turn.
940 2381 1173 2435 δεσποσύνῳ
1195 2381 1447 2437 Stephanus.

192 2442 321 2498 ὕβρει]
340 2445 432 2496 ὕβρι
453 2444 554 2486 Ald.

194 2511 293 2563 846.
325 2511 407 2563 δορὶ
436 2510 481 2552 δι’
503 2512 614 2567 ὅλου]
638 2512 909 2554 Scribendum
933 2512 1036 2567 δόρει
1061 2517 1203 2557 διώλου
1229 2531 1323 2557 eum
1348 2518 1595 2559 Hermanno

136 2577 250 2634 apud
277 2578 543 2619 Erfurdtium
574 2580 626 2620 ad
659 2580 786 2635 Soph.
809 2581 930 2636 Ajac.
959 2597 1001 2636 p.
1024 2583 1120 2623 628.
1182 2584 1425 2640 Respondet
1452 2601 1595 2627 versus

139 2645 234 2700 857.

197 2713 294 2765 847.
321 2714 445 2764 α’ίμον’
472 2714 538 2763 ἵζω
566 2713 601 2754 σ’
635 2715 770 2755 Turn.
803 2714 946 2771 Steph.
978 2730 1027 2755 ex
1056 2716 1320 2758 annotatione
1353 2717 1593 2771 scholiastae,

134 2778 365 2832 ᾑμαγμένον
384 2797 432 2821 σε
454 2782 604 2831 καθίζω.
637 2783 794 2833 αἵμονες
814 2783 865 2826 ὣς
885 2784 950 2824 Μ.
974 2785 1068 2824 Par.
1093 2784 1236 2825 Guelf.
1260 2785 1360 2827 Ald.
1383 2787 1495 2830 Rob.

197 2849 292 2898 848.
313 2847 469 2902 τᾶπιτα]
490 2847 631 2890 τάπιτα
652 2850 717 2891 Μ.
740 2849 847 2891 Rob.
870 2849 901 2890 τ’
924 2853 1043 2892 ἀπιτα
1059 2851 1159 2893 Ald.
1195 2853 1344 2910 Inepte
1365 2854 1594 2908 scholiasta,

139 2908 317 2966 ἀπιόντα;
339 2917 436 2956 κατὰ
457 2915 670 2969 συγκοπήν.
