1962 3224
542 165 633 210 AD
664 163 1201 208 AGAMEMNONEM.
1521 162 1608 207 333

195 285 265 327 62.
294 278 803 334 πολυάνορος-γυναικὸς]
827 278 1020 327 Helenae,
1041 290 1135 336 quae
1164 275 1316 318 multos
1337 275 1515 318 maritos
1533 275 1608 316 ha-

136 353 239 395 buit.
260 365 408 407 nempe
430 347 691 400 Menelaum,
713 346 868 389 Parida
887 356 929 389 et
949 344 1236 401 De'i'phobum.
1282 341 1491 385 Stanleius
1509 357 1607 384 con-

135 421 216 462 fert
248 417 462 475 Lycophr.
496 418 591 472 851.
624 419 706 468 Τῆς
735 416 972 468 θηλύπαιδος
1002 413 1065 455 καὶ
1095 410 1300 466 τριάνορος
1330 409 1457 465 κόρης,
1489 410 1607 467 quod

136 487 316 545 explicat
338 486 576 541 Stephanus
596 486 703 541 Byz.
725 486 779 539 τῷ
801 481 1016 538 Μενελάῳ,
1044 479 1296 536 Ἀλεξάνδρῳ
1326 479 1388 521 καὶ
1409 478 1607 536 Δηϊφόβῳ

135 559 373 611 γαμηθεῖσα.
405 553 638 595 BLOMF.
699 551 875 593 Rectius
896 550 1127 600 scholiasta,
1149 548 1217 601 τῆς
1236 549 1413 593 πολλοὺς
1431 550 1607 601 μνηστῆ-

138 641 207 669 οας
229 623 451 678 ἐσχηκυίας.

193 693 260 747 63.
282 689 497 745 γυιοβαρῆ]
520 688 721 743 γαιοβαρῆ
743 689 881 729 Turn.

190 760 261 811 64.
293 756 559 812 ἐρειδομένου]
591 756 817 809 ἐριδομένου
839 756 906 796 Μ.
941 753 1197 809 ἑρειπομένου
1219 753 1335 810 (cum
1356 751 1414 811 gl.
1435 752 1606 795 πίπτον-

135 826 221 880 τος)
246 827 300 867 Τ.
323 834 365 867 et
385 823 665 882 superscripto
686 827 729 865 δο
751 822 818 865 Fl.

193 892 361 948 γόνατος
381 894 577 934 κονίαισιν
598 891 864 946 ἐρειδομένου]
889 890 1070 933 Theocr.
1093 901 1133 944 7,
1159 901 1196 946 7.
1228 891 1272 933 εὖ
1299 888 1336 944 γ’
1358 888 1610 943 ἔνερεισάμε-

139 979 207 1006 νος
234 961 359 1017 πέτρα
388 959 498 1015 γόνυ.
560 960 613 1002 In
647 960 841 1017 Sophocl.
862 960 986 1017 Ajac.
1007 973 1106 1016 309.
1127 959 1297 1001 omnino
1325 973 1471 1000 verum
1502 968 1610 1015 puto

139 1030 346 1083 ἐρεισθεὶς,
375 1028 490 1085 quod
525 1044 577 1070 ex
607 1027 771 1070 scholiis
799 1043 877 1084 pro
907 1028 1105 1082 ἐρειφθεὶς
1135 1026 1289 1084 recepit
1318 1026 1608 1083 Musgravius.

140 1098 234 1140 Vim
262 1096 482 1139 locutionis
507 1111 629 1138 nemo
658 1096 933 1152 interpretum
965 1094 1191 1152 perspexit,
1213 1102 1368 1151 praeter
1397 1109 1607 1136 summum

136 1165 274 1208 virum
307 1166 366 1207 Is.
389 1165 699 1216 casaubonum,
721 1164 792 1221 qui
825 1164 987 1206 confert
1009 1164 1126 1204 Pers.
1144 1164 1242 1218 926.
1268 1161 1391 1203 Ἀσία
1420 1163 1464 1204 δὲ
1481 1164 1606 1217 χθὼν,

136 1237 311 1287 βασιλεῦ
330 1234 458 1288 γαίας,
481 1235 611 1282 αἰνῶς,
634 1233 751 1276 αἰνῶς
770 1233 835 1274 ἐπὶ
855 1229 952 1286 γόνυ
974 1230 1162 1273 κέκλιται.
1203 1229 1372 1271 Dicitur
1391 1229 1445 1271 de
1464 1229 1514 1271 iis
1533 1230 1608 1287 qui

137 1301 342 1344 luctantes
354 1301 419 1343 vel
434 1300 668 1359 praeliantes
679 1299 721 1341 in
742 1315 854 1356 genu
875 1299 1173 1357 procumbunt.
1210 1297 1443 1340 Simonides
1456 1297 1607 1354 Epigr.

139 1380 207 1425 74.
230 1371 420 1414 Μίλωνος
437 1367 515 1411 τόδ’
537 1369 700 1423 ἄγαλμα
721 1371 845 1410 καλοῦ
862 1367 1000 1416 καλὸν,
1018 1367 1061 1411 ὅς
1074 1383 1172 1408 ποτε
1187 1368 1298 1419 Πίσῃ
1317 1364 1485 1408 Ἐπτάκι
1505 1365 1609 1418 νική-

140 1455 227 1486 σας,
251 1440 306 1481 εἰς
325 1436 459 1492 γόνατ’
477 1437 546 1479 οὐκ
567 1437 726 1479 ἔπεσεν.
758 1437 939 1478 Pausan.
958 1449 1025 1485 10,
1044 1436 1111 1477 26.
1129 1433 1183 1476 de
1203 1434 1434 1492 Polygnoti
1449 1434 1607 1486 tabula,

135 1503 703 1558 Ἀστύνομον-πεπτωκότα
743 1505 785 1548 ἐς
821 1501 920 1558 γόνυ
959 1505 981 1545 ὁ
1016 1501 1300 1556 Νεοπτόλεμος
1337 1504 1445 1558 ξίφει
1482 1503 1606 1545 παίει.

140 1575 376 1617 BLOMF.

197 1643 268 1698 65.
288 1641 552 1697 προτελείοις]
573 1641 786 1696 προτέλεια
805 1640 1001 1683 sacrificia
1022 1650 1119 1683 sunt
1138 1639 1440 1698 antenuptialia
1460 1650 1502 1683 et
1522 1655 1608 1682 me-

138 1710 351 1768 taphorice
371 1709 590 1767 praeludia,
611 1709 881 1752 velitationes.
913 1710 1146 1751 BLOMF.

197 1780 268 1821 66.
291 1777 508 1835 Δαναοῖσι]
533 1782 758 1820 Δαναοῖσιν
778 1778 846 1819 Μ.
870 1777 1013 1819 Guelf.
1035 1777 1137 1819 Ald.
1161 1777 1271 1820 Rob.

196 1849 268 1902 67.
291 1847 377 1889 ἔστι
397 1847 430 1889 δ’
451 1847 526 1899 ὅπη
548 1849 619 1888 νῦν
640 1845 747 1900 ἔστι]
764 1845 1024 1902 Hujusmodi
1040 1845 1232 1888 formulis
1253 1854 1434 1888 utuntur
1453 1844 1608 1896 Graeci,

139 1915 309 1973 quando
328 1914 381 1956 de
400 1914 525 1956 rebus
551 1913 790 1971 injucundis
816 1914 996 1956 breviter
1022 1914 1135 1956 effari
1159 1913 1320 1966 volunt,
1341 1913 1457 1971 quod
1488 1923 1607 1955 nota-

138 1992 238 2025 runt
258 1982 516 2025 Abreschius
534 1981 589 2023 ad
608 1981 650 2023 h.
667 1980 695 2023 l.
716 1991 757 2023 et
779 1982 1015 2024 Schaeferus
1035 1982 1089 2024 ad
1112 1982 1241 2039 Soph.
1264 1982 1370 2025 OEd.
1393 1981 1486 2024 Col.
1509 1994 1608 2037 273.

139 2052 373 2094 BLOMF.

197 2121 265 2176 69.
285 2117 533 2176 ὑποκλαίων]
555 2117 760 2161 ὑποκλέων
781 2118 927 2161 Guelf.
947 2120 1148 2162 ὑποκλίων
1163 2117 1266 2161 Ald.
1288 2132 1338 2160 ex
1361 2133 1448 2174 quo
1469 2119 1608 2160 Turn.

137 2189 359 2231 ὖποκλείων
381 2187 479 2229 fecit
498 2187 737 2244 conjectura
756 2202 839 2229 non
862 2187 999 2229 minus
1024 2187 1179 2229 infelici
1206 2202 1334 2244 quam
1354 2201 1476 2228 versu
1506 2201 1606 2244 pro-

139 2256 254 2298 ximo
283 2256 454 2298 δοκεύων
482 2270 534 2297 ex
564 2254 666 2297 vitio
694 2255 856 2297 Aldino
889 2257 1076 2298 δακεύων.
1140 2257 1340 2313 Ineptum
1377 2265 1515 2298 autem
1547 2264 1610 2298 est

138 2325 379 2374 ὖποκλαίων,
400 2323 515 2380 quod
535 2323 805 2380 conjunctum
827 2339 922 2366 cum
945 2325 1122 2378 δακρύων
1142 2324 1346 2366 similibus
1369 2323 1611 2381 tautologiae

139 2391 340 2449 exemplis
369 2391 558 2433 excusari
587 2391 898 2448 quodammodo
929 2402 1083 2450 posset,
1112 2393 1189 2435 nisi
1219 2393 1463 2451 interposita
1483 2394 1611 2436 verba

140 2470 275 2502 essent
299 2459 379 2502 οὔθ’
399 2461 641 2513 ὑπολείβων.
702 2461 800 2502 Hoc
831 2461 954 2503 sensit
977 2461 1264 2514 Casaubonus,
1284 2462 1356 2519 qui
1389 2477 1472 2504 non
1504 2461 1610 2504 male

140 2527 315 2584 conjecit
325 2529 536 2571 ὑποκαίων.
565 2529 762 2570 Ceterum
778 2539 888 2571 recte
900 2529 1132 2580 scholiasta,
1145 2530 1190 2571 τὸ
1203 2531 1261 2574 τὶς
1276 2531 1419 2573 λείπει.
1449 2529 1612 2572 Intelli-

139 2596 255 2654 gitur
273 2606 412 2637 autem
434 2597 743 2653 Agamemnon,
761 2597 929 2639 nefandi
950 2597 1134 2639 sacrificii
1152 2599 1332 2653 (ἀπύρων
1347 2599 1481 2653 ἱερῶν)
1498 2613 1607 2640 reus,

200 2663 360 2716 ἀπύρων
381 2664 514 2721 ἱερῶν]
538 2665 636 2706 Hoc
662 2663 716 2706 de
736 2664 962 2707 Furiarum
992 2665 1198 2707 sacrificiis
1223 2665 1464 2721 intelligunt
1490 2664 1610 2706 scho-

140 2731 275 2782 liasta,
313 2731 535 2784 stanleius,
573 2732 811 2784 Schutzius,
846 2733 932 2784 alii,
966 2733 1121 2790 quibus
1152 2748 1290 2789 neque
1320 2734 1440 2790 ignis
1474 2747 1611 2789 neque

141 2800 286 2842 vinum
316 2800 608 2852 adhibebatur,
635 2810 684 2843 ut
712 2801 843 2843 aiunt.
906 2801 990 2843 Sed
1019 2802 1144 2851 unde,
1167 2815 1325 2858 quaeSO,
1345 2801 1425 2843 hoc
1454 2801 1611 2843 didice-

141 2870 275 2909 runt?
335 2867 563 2910 Furiarum
593 2867 763 2925 quidem
795 2870 978 2920 σπονδαί,
999 2883 1097 2925 quae
1125 2883 1179 2910 ex
1198 2883 1308 2925 aqua
1326 2867 1498 2919 fiebant,
1517 2866 1613 2909 ideo

141 2934 389 2980 dicebantur
419 2934 621 2991 νηφάλιοι,
653 2935 726 2980 sed
756 2934 953 2979 sacrificia
980 2936 1092 2979 facta
1120 2951 1207 2980 esse
1237 2934 1324 2979 sine
1357 2935 1539 2994 ignibus,
1568 2934 1614 2977 id
