1962 3224
389 216 472 257 372
857 219 1350 260 ANNOTATIONES

447 336 543 390 558.
574 338 785 393 λαχόντες]
810 339 1078 380 Casaubonus
1107 340 1294 395 intelligit
1320 340 1371 380 de
1391 340 1572 381 excubiis
1601 340 1826 381 sortiendis.

396 403 597 445 κλαίοντες
618 404 835 446 Stanleius.
868 407 1095 447 BLOMF.

447 480 542 523 559.
578 469 711 524 δηΐων]
738 471 1002 514 Scribendum
1025 472 1154 513 δαΐων.
1195 473 1301 515 ὃάϊος
1320 482 1360 514 et
1387 474 1494 516 νάϊος
1523 474 1715 514 dixerunt
1745 483 1828 514 tra-

391 534 484 588 gici,
506 550 584 576 non
607 536 711 587 δήῖος
737 548 776 578 et
798 540 912 590 νήϊος.

426 629 429 633 >
448 603 543 655 560.
565 605 656 658 γὰρ]
686 605 951 647 Scribendum
975 609 1017 647 δὲ
1036 622 1128 647 cum
1152 608 1369 647 Pearsono.

449 670 668 726 λειμώνιαι]
690 674 898 723 λειμωνίας
920 673 1173 722 Schuetzius‚
1195 672 1358 713 frustra.

449 738 545 790 561.
597 739 884 792 κατεψάκαζον]
939 739 1199 780 Scribebatur
1249 738 1529 791 κατεψέκαζον,
1573 738 1704 778 forma
1750 751 1830 778 non

395 802 549 843 Attica.

453 870 618 920 ἔμπεδον
677 872 785 913 σίνος
836 871 1082 925 ἐσθημάτων]
1143 872 1322 911 Vestibus
1377 871 1615 911 inhaere-ndo
1671 885 1830 912 nocens.

394 936 626 975 BLOMF.

449 1003 544 1056 562.
576 1001 766 1056 τιθέντες]
800 1003 953 1043 Notent
983 1003 1132 1044 tirones
1162 1004 1331 1046 τιθέντες
1359 1002 1617 1057 participium
1647 1002 1831 1043 masculi-

394 1084 509 1118 num,
531 1083 623 1109 cum
656 1070 803 1121 δρόσοι,
836 1069 997 1110 nomine
1027 1070 1234 1119 feminino,
1266 1068 1484 1124 conjungi;
1517 1069 1636 1123 cujus
1664 1069 1829 1125 quidem

393 1135 604 1176 anomaliae
623 1135 770 1176 dubito
789 1151 839 1175 an
861 1136 970 1177 aliud
993 1138 1226 1192 exemplum
1247 1135 1357 1191 apud
1377 1145 1517 1190 poetas
1538 1134 1700 1175 Atticos
1719 1150 1832 1191 repe-

392 1203 534 1252 riatur,
564 1201 636 1241 nisi
668 1202 720 1242 de
748 1202 1022 1244 animantibus
1052 1218 1182 1244 sermo
1212 1202 1275 1252 sit,
1309 1211 1354 1242 ut
1383 1201 1424 1241 in
1454 1201 1551 1241 locis
1582 1215 1604 1241 a
1638 1202 1831 1242 Matthiae

393 1270 525 1311 citatis
547 1270 620 1309 Gr.
646 1269 721 1309 Gr.
747 1271 784 1322 ξ.
807 1271 904 1324 436,
928 1283 965 1313 2·
998 1271 1223 1311 BLOMF.

451 1337 621 1388 ἔνθηρος,
655 1336 802 1376 Ferus.
839 1337 1062 1392 Hispz'dus.
1109 1336 1298 1392 Sophocl.
1330 1335 1436 1376 Phil.
1466 1336 1561 1390 698.
1591 1334 1831 1387 θερμοτάταν

394 1403 536 1455 αἱμάδα
556 1402 784 1453 κηκιομέναν
806 1402 951 1443 ἑλκέων
971 1403 1133 1456 ε’νθήρου
1153 1404 1280 1446 ποδός.
1324 1402 1390 1443 Sic
1411 1401 1507 1442 Liv.
1533 1414 1598 1451 21,
1623 1414 1691 1455 39.
1710 1415 1832 1456 squa-

393 1470 480 1511 lida
510 1475 548 1510 et
570 1483 703 1524 prope
732 1469 897 1509 efferata
926 1484 1111 1525 corpora.
1166 1469 1414 1511 Abreschius
1443 1467 1615 1509 contulit
1641 1466 1831 1523 SophocI.

395 1538 513 1591 Ajac.
541 1551 554 1576 1
567 1548 661 1591 230.
684 1540 808 1587 κεῖμαι
829 1535 859 1576 δ’
883 1537 1088 1589 ἆμέριμνος
1108 1538 1227 1579 οὕτως
1247 1537 1307 1577 ἀεὶ
1325 1539 1500 1577 πυκιναῖς
1521 1535 1675 1587 δρόσοις
1694 1534 1832 1585 τεγγό-

393 1621 510 1656 μενος
540 1605 657 1654 κόμας
686 1606 830 1655 λυγρᾶς
862 1603 1038 1654 μνήματα
1073 1604 1226 1655 Τροίας.
1288 1602 1399 1642 Hinc
1433 1600 1636 1641 Pindarus
1672 1598 1831 1654 pluvias

393 1671 599 1711 horrorem
620 1669 859 1709 incutientes
879 1669 982 1709 dixit
1003 1671 1246 1722 φρίσσοντας
1266 1670 1447 1720 ὄμβρους.
1479 1667 1707 1707 BLOMF.

450 1738 547 1791 565.
567 1740 849 1788 μεσημβριναῖς
868 1735 1030 1790 κοίταις]
1055 1735 1265 1790 Significat
1285 1733 1584 1775 meridiationes
1599 1732 1750 1787 quibus
1770 1732 1831 1772 uti

395 1813 549 1844 veteres
570 1803 777 1849 solebant;
810 1802 920 1857 quod
942 1802 1046 1843 bene
1064 1801 1219 1842 notavit
1240 1799 1504 1841 Abreschius.
1543 1798 1704 1839 Gallim.
1726 1799 1829 1838 Lav.

395 1871 500 1912 Pall.
523 1883 589 1923 72.
612 1871 851 1921 μεσαμερινᾶ
871 1867 901 1909 δ’
924 1869 994 1922 εἶχ’
1017 1871 1104 1921 ὅρος
1134 1869 1290 1921 ἁσυχία.
1349 1866 1443 1908 Vid.
1468 1865 1678 1906 Theocrit.
1703 1859 1832 1919 1‚⁶15,

399 1949 462 1991 17.
495 1947 533 1990 7,
557 1950 623 1979 22.
643 1937 836 1989 Σιμιχίδα,
858 1938 912 1989 πᾷ
933 1936 978 1986 δὴ
994 1936 1037 1976 τὺ
1055 1934 1289 1987 μεσαμέριος
1317 1935 1438 1976 πόδας
1469 1934 1594 1976 ἕλκεις
1619 1931 1757 1972 Ἀνίκα
1786 1931 1831 1981 δὴ

397 2005 458 2045 καὶ
478 2008 621 2056 σαῦρος
642 2005 686 2044 ἐν
706 2005 924 2054 αἱμασιαῖσι
945 2003 1128 2042 καθεύδει.
1189 2002 1368 2041 Pontum
1390 1999 1567 2040 dormire
1584 1998 1679 2040 dicit
1702 1998 1832 2039 Simo-

394 2071 477 2112 nid.
508 2086 573 2127 ap.
606 2070 730 2110 Dion.
763 2069 863 2109 Hal.
892 2086 932 2109 π.
965 2072 1074 2109 συνθ.
1102 2082 1143 2122 p.
1175 2067 1270 2121 258.
1302 2067 1499 2117 κελοίμαν,
1534 2066 1632 2112 εὗδε,
1666 2063 1830 2116 βρέφος,

397 2137 535 2178 εὑδέτω
564 2138 605 2177 δὲ
634 2138 788 2182 πόντος,
813 2135 951 2176 εὑδέτω
972 2136 1137 2186 ἄμετρον
1159 2135 1288 2175 κακόν.
1339 2134 1445 2174 Lex,
1468 2131 1649 2187 Seguier.
1671 2145 1711 2186 p.
1732 2142 1831 2185 397,

397 2216 464 2246 21.
482 2202 764 2254 Ἂνεμοκοῖται.
796 2203 833 2242 οἱ
853 2201 1017 2252 ἀνέμους
1042 2201 1285 2251 κοιμίζοντες.
1315 2199 1431 2252 γένος
1461 2198 1504 2239 δέ
1530 2203 1630 2250 φασι
1659 2199 1834 2237 τοιοῦτον

395 2269 622 2322 ὑπάρχειν’
605 2285 648 2308 εν
669 2268 856 2321 Κορίνθῳ.
890 2267 1118 2307 BLOMF.

453 2345 548 2389 570.
572 2336 615 2374 ἐν
633 2332 757 2386 ψήφῳ
777 2333 929 2385 λέγειν]
954 2333 1021 2372 Ad
1039 2333 1240 2373 calculum
1260 2344 1476 2372 recensere.
1509 2330 1737 2370 BLOMF.

452 2412 551 2456 572.
581 2398 812 2453 ξυμφοραις]
844 2401 1041 2452 ξυμφορὰς
1071 2398 1307 2439 dubitanter
1336 2397 1507 2451 conjecit
1538 2395 1829 2437 Blomfieldus:

397 2485 492 2525 quae
513 2468 661 2509 usitata
681 2476 887 2507 structura
905 2475 977 2507 est.

453 2537 550 2590 576.
573 2535 672 2574 Post
690 2533 928 2583 ποτωμένοις
941 2533 1057 2573 colon
1077 2532 1138 2573 vel
1159 2546 1315 2573 comma
1332 2531 1590 2587 ponendum:
1624 2530 1833 2585 sequentia

397 2602 504 2643 enim
535 2610 629 2642 sunt
655 2600 780 2641 verba
808 2600 908 2655 ipsa,
940 2599 1093 2655 quibus
1127 2613 1168 2638 se
1191 2598 1399 2653 jactarunt
1431 2597 1612 2652 sospites.
1665 2595 1832 2636 Monuit

401 2668 672 2710 VVellauerus.

453 2745 549 2790 579.
586 2733 913 2789 ἐπασσάλευσαν]
952 2732 1100 2788 Eut-ip.
1142 2732 1210 2772 El.
1242 2743 1278 2784 7.
1315 2731 1368 2771 de.
1403 2732 1729 2785 Agamemnone,
1759 2727 1831 2783 qui

400 2803 530 2857 Troja
549 2811 681 2857 capta,
701 2802 867 2853 ὑψηλῶν
888 2799 951 2840 ἐπὶ
971 2802 1091 2839 Ναῶν
1110 2797 1258 2839 τέθεικε
1275 2802 1402 2839 σκῦλα
1421 2801 1590 2838 πλεῖστα
1603 2794 1831 2847 βαρβάρων.

396 2870 468 2909 ubi
488 2866 570 2908 vid.
593 2868 758 2907 Barnes.
783 2863 972 2920 Sophocl.
995 2864 1067 2919 Aj.
1090 2875 1156 2918 92.
1181 2865 1246 2905 καί
1263 2881 1310 2905 σε
1331 2864 1571 2916 παγχρύσοις
1592 2861 1667 2913 ἐγὼ
1691 2859 1833 2912 Στέψω
