1962 3224
344 179 430 220 544
822 182 1240 224 ANNOTATION
1245 184 1315 225 Es

401 289 576 330 Comma
593 299 687 345 post
707 293 900 342 δαιμόνων
919 292 972 333 ab
993 292 1211 334 Schuetzio
1230 292 1431 334 additum.

401 355 517 397 σκιάν
538 355 757 398 Heathius.
788 357 879 398 σκιά
898 357 1003 399 libri.

398 435 498 476 304.
536 423 636 463 Post
671 423 949 476 καθιερωμένος
986 424 1263 480 interrogandi
1299 425 1459 480 signum
1501 434 1608 465 recte
1648 426 1783 481 posuit

343 490 620 530 Hermannus.
685 490 879 531 Irascitur
915 491 1064 532 chorus
1099 491 1249 541 Oresti,
1282 491 1355 547 qui
1385 491 1591 547 Apollinis
1625 502 1666 532 et
1698 492 1783 532 Mi-

342 570 478 596 nervae
511 556 685 597 confisus
725 556 852 597 tutela
891 557 1044 598 nullam
1084 558 1283 599 minarum
1319 558 1371 599 ab
1409 559 1544 599 Furiis
1577 558 1780 613 jactarum

342 621 540 663 rationem
563 622 696 662 habet.

399 700 495 745 305.
516 691 612 744 306.
634 689 821 745 Apollini
842 690 1031 732 tribuunt
1052 691 1151 732 Ald.
1175 693 1310 733 Turn.
1334 692 1478 748 Steph.

399 758 496 811 306.
519 756 691 812 ἀκούσει]
713 758 859 812 ἀκούσῃ
880 757 986 798 libri.

397 824 514 874 ὕμνος
544 822 699 874 δέσμιος
727 837 890 863 carmen
918 824 1179 879 ligatorium,
1202 835 1264 865 est
1292 839 1343 865 ex
1368 839 1515 880 genere
1545 823 1784 865 incantatio-

342 903 458 938 num,
479 904 563 944 quo
582 889 702 930 furiae
722 891 907 931 Orestem
939 906 981 931 se
1006 890 1122 946 quasi
1151 890 1438 931 constricturas
1467 901 1508 932 et
1536 890 1576 931 in
1608 899 1783 946 potesta-

342 966 424 996 tem
445 970 558 996 suam
581 955 814 998 redacturas
832 972 917 998 esse
939 957 1209 999 minabantur.
1267 958 1311 998 Is
1330 959 1449 1009 ὕμνος
1468 957 1623 1009 δέσμιος
1642 957 1784 1012 incipit

343 1037 380 1062 v.
402 1035 500 1077 321.
530 1022 699 1078 ejusque
727 1024 844 1079 quasi
873 1025 1116 1080 prooemium
1148 1024 1354 1066 versiculis
1382 1035 1620 1080 307—320.
1651 1024 1783 1065 conti-

343 1099 476 1131 netur.
509 1090 642 1131 SCH.

398 1169 494 1212 307.
517 1157 579 1199 καὶ
598 1157 734 1213 χορὸν]
756 1159 917 1214 Nempe
938 1174 1017 1200 non
1037 1159 1236 1200 canebant
1256 1159 1402 1209 solum,
1421 1157 1489 1199 sed
1505 1167 1545 1199 et
1567 1158 1782 1208 saltabant,

342 1239 509 1280 prorsus
530 1234 577 1265 ut
597 1224 930 1281 Shakespearius,
952 1226 992 1266 in
1015 1226 1229 1267 Macbethi
1249 1226 1465 1283 tragoedia,
1486 1225 1781 1267 nobilissimum

342 1291 445 1332 illud
466 1307 654 1348 sagarum
675 1292 874 1334 canticum
896 1293 1086 1334 instituit.
1120 1295 1250 1335 SCH.

399 1359 496 1414 308.
512 1363 666 1411 μοῦσαν
687 1362 880 1414 στυγερὰν
900 1361 1148 1402 horrendum
1169 1375 1349 1410 carmen,
1371 1360 1506 1416 ipsum
1527 1359 1640 1401 illum
1661 1361 1783 1411 ὕμνον

344 1426 518 1478 δέσμιον.
551 1427 682 1467 SCH.

399 1506 497 1548 309.
518 1494 714 1550 δεδόκηκε]
741 1496 949 1546 δεδόκημεν
969 1495 1071 1536 Ald.
1094 1497 1204 1537 Rob.

399 1573 496 1615 311.
527 1559 625 1615 ἅμα]
659 1560 926 1602 Scribendum
953 1561 1032 1613 ἁμά
1051 1576 1144 1602 cum
1167 1564 1356 1603 Cantero.
1418 1562 1519 1602 Post
1547 1561 1626 1614 ἁμά
1653 1576 1782 1617 punc-

344 1636 449 1678 tum,
469 1636 562 1683 post
580 1626 732 1679 ἡδόμεθ’
755 1627 854 1669 εἶναι
874 1628 990 1669 colon
1011 1638 1201 1684 ponatur.

399 1705 496 1749 312.
527 1693 734 1748 εὐθυδίκαι]
756 1694 1023 1736 Desideratur
1049 1694 1216 1751 dipodia
1233 1695 1501 1746 acatalectica,
1522 1709 1646 1750 quam
1669 1694 1783 1735 resti-

344 1760 425 1802 tuit
446 1762 712 1802 Hermannus
733 1761 1031 1803 εὗθυδίκαιοι-
1048 1793 1058 1803 .

402 1827 452 1882 θ’]
481 1827 750 1868 Scribendum
772 1828 802 1868 δ’
824 1843 918 1869 cum
941 1829 1198 1870 casaubono.

399 1893 553 1946 ἡδόμεθ’
584 1894 698 1949 εἶναι]
729 1894 908 1946 οἱδοίμεθ’
938 1895 1037 1936 εἶναι
1062 1897 1128 1936 M.
1150 1894 1291 1936 Guelf.
1314 1895 1421 1936 Rob.
1453 1894 1661 1947 otbocpwo'
1684 1895 1783 1937 εἶναι

345 1962 443 2003 Ald.
473 1959 654 2013 ἡδόμεσθ’
678 1962 812 2002 Turn.
835 1961 975 2017 Steph.
1008 1962 1077 2003 οἶδ’
1101 1962 1207 2014 οἶμαι
1227 1966 1352 2004 θεῖναι
1372 1964 1426 2004 Τ.

400 2041 498 2084 313.
524 2028 593 2069 τὸν
610 2028 985 2084 μὲν-προνέμοντ’]
1006 2029 1093 2073 τοὺς
1110 2030 1531 2083 μὲν-προσνέμοντας
1552 2030 1782 2082 (προνέμον-

344 2114 413 2140 τας
433 2097 508 2151 Τ.)
529 2095 633 2137 libri.
665 2095 752 2138 τοὺς
779 2096 1075 2150 μὲν-ἔχοντας
1104 2096 1338 2138 correctoris
1366 2096 1520 2138 metrici
1549 2097 1783 2151 conjectura

344 2165 396 2205 ab
424 2163 626 2205 Turnebo
654 2173 887 2205 memorata.
950 2164 1205 2220 Singularem
1237 2178 1452 2205 numerum
1483 2164 1780 2205 restituendum

344 2245 430 2271 esse
453 2239 562 2270 recte
590 2229 876 2271 animadvertit
897 2230 1115 2281 Heathius‚
1137 2230 1208 2271 sed
1236 2229 1341 2270 male
1371 2229 1528 2285 scripsit
1556 2230 1626 2270 τὸν
1653 2231 1783 2281 μὲν-

345 2297 489 2350 ἔχοντα
507 2295 595 2349 γάρ,
617 2310 746 2351 quum
767 2306 926 2338 servato
952 2296 1066 2352 quod
1095 2297 1253 2338 codices
1281 2297 1466 2351 praebent
1487 2295 1610 2337 verbo
1638 2297 1780 2349 προνέ-

343 2362 450 2415 μοντ’
471 2363 651 2412 deberet,
672 2363 783 2418 quod
805 2363 845 2403 in
866 2363 1043 2403 editione
1062 2378 1134 2404 sua
1153 2363 1290 2419 posuit
1312 2365 1588 2404 Hermannus.
1650 2363 1781 2404 Simil-

344 2430 442 2470 limo
461 2444 595 2470 errore
615 2429 684 2470 τὸν
703 2433 825 2472 κακῶς
851 2429 1065 2482 πράσσοντ’
1085 2430 1127 2471 in
1157 2431 1242 2474 τοὺς
1272 2434 1391 2474 κακῶς
1418 2431 1668 2484 πράσσοντας
1695 2445 1782 2472 cor-

345 2505 516 2552 ruptum
536 2496 617 2537 fuit
638 2496 845 2537 Prometh.
870 2497 963 2548 264.

401 2576 500 2619 314.
534 2563 710 2618 ἐφέρπει]
733 2562 908 2604 Hiatum
934 2563 1066 2604 verbis
1093 2564 1209 2605 aliter
1238 2563 1482 2605 collocandis
1508 2563 1780 2606 amovendum

338 2631 553 2688 judicabat
574 2632 793 2680 Porsonus,
816 2631 917 2673 οὔτις
937 2630 1099 2683 ἐφέρπει
1117 2634 1228 2682 μῆνις
1247 2630 1314 2684 ἀφ’
1335 2632 1453 2682 ἡμῶν.

401 2699 498 2752 316.
529 2698 715 2751 ἀλιτρῶν]
751 2696 1018 2738 Scribendum
1050 2699 1194 2739 ἀλιτών
1215 2712 1309 2739 cum
1342 2696 1535 2747 Stanlei0,
1556 2696 1627 2752 qui
1655 2710 1782 2752 pravo

345 2773 513 2806 accentu
535 2765 681 2804 ἆλιτῶν
701 2762 872 2819 scripsit.

402 2831 519 2887 ἀνὴρ]
542 2831 638 2884 ἀνὴρ
657 2831 763 2872 libri.

403 2911 498 2953 317.
520 2898 675 2953 φονίας]
695 2899 855 2952 φονίους
874 2897 971 2938 Par.
