1962 3224
611 175 699 216 AD
730 172 1127 216 EUMENIDES.
1516 168 1602 215 569

198 290 294 331 866.
325 290 491 331 ἐνοικίου
511 287 541 330 δ’
564 288 740 344 ὄρνιθος]
768 288 881 328 Sunt
909 287 1016 328 enim
1043 284 1171 342 galli,
1195 292 1241 324 ut
1261 284 1448 339 loquitur
1469 284 1602 325 Varro

138 356 192 398 de
212 358 278 399 Re
297 356 470 399 Rustica
489 367 532 412 3,
552 370 595 412 9,
616 357 662 397 in
689 356 913 397 certamine
937 354 1286 411 pertinaces,-—et
1314 352 1372 392 ad
1391 352 1599 409 proelian-

136 425 236 467 dum
265 426 376 467 inter
400 439 445 467 se
472 426 652 466 maoeime
663 424 815 466 idonei.
867 421 991 464 Philo
1010 422 1112 475 Περὶ
1145 424 1214 462 τοῦ
1230 421 1361 462 πάντα
1380 423 1598 462 σπουδαῖον

137 492 238 535 εἶναι
257 494 467 547 ἐλεύθερον
485 508 526 550 p.
549 493 646 548 885.
685 493 739 534 ΟΣ
757 494 855 546 γοῦν
875 491 1133 544 ἀλεκτρυόνες
1153 490 1274 533 οὕτως
1295 489 1459 530 εἰώθασι
1478 493 1597 542 φιλο-

136 561 319 605 κινδύνως
347 562 620 615 ἀγωνίζεσθαι,
642 561 745 602 ὥστε
774 561 872 613 ὑπὲρ
901 562 971 601 τοῦ
996 558 1049 612 μὴ
1078 557 1181 610 εἶξαι
1208 557 1271 599 καὶ
1297 559 1598 611 παραχωρῆσαι,

136 627 208 670 κᾶν
235 629 423 681 ἡττῶνται
452 633 532 673 τοῖς
559 628 773 680 δυνάμεσιν
802 628 877 683 οὐχ
905 628 1096 680 ἡττῶνται
1127 629 1211 669 ταῖς
1240 626 1476 677 εὐτολμίαις.
1508 625 1600 679 ἄχρι

134 698 211 751 γὰρ
231 696 401 739 θανάτου
421 697 729 751 παραμένουσιν.
765 696 988 738 STANL.

193 766 436 821 870—880.
459 767 512 808 V.
534 766 586 808 ad
609 781 649 806 v.
671 765 909 821 837—846.

194 835 290 890 883.
310 833 608 904 πολισσούχων]
629 837 905 887 πολισσοῦχον
924 831 1027 874 Ald.
1056 833 1331 885 πολισσοῦχος
1353 830 1490 871 Turn.

193 901 290 953 887.
312 900 459 956 θέλεις]
484 887 604 958 θέλῃς
627 902 691 942 Μ.

192 968 288 1010 888.
318 967 527 1024 οὔτ’-»ἂν]
561 968 835 1011 Scribendum
869 968 931 1010 vel
962 969 1008 1010 οὔ
1038 967 1111 1009 τᾶν
1141 981 1235 1008 cum
1264 965 1507 1008 Wellauero
1536 966 1600 1009 vel

135 1036 205 1078 οὐκ
224 1037 274 1078 ἂν
293 1052 388 1078 cum
411 1038 631 1079 Pearsono.

191 1104 427 1160 ἐπιρρέποις]
450 1104 668 1158 ἐπιρρέπεις
689 1104 835 1147 Guelf.
857 1104 960 1146 Ald.

192 1172 288 1227 889.
310 1174 424 1215 κότον
443 1173 532 1229 τιν’]
554 1175 670 1215 κότον
689 1190 732 1215 τε
752 1172 854 1215 Ald.
876 1188 928 1214 ex
948 1188 1034 1230 quo
1055 1174 1170 1215 κότον
1190 1171 1275 1214 ποτ’
1298 1171 1396 1213 fecit
1417 1172 1556 1212 Turn.

192 1239 290 1295 890.
322 1240 416 1297 τῇδέ
444 1241 480 1295 γ’
503 1242 683 1296 εὐμοίρου
703 1243 840 1283 Turn.
864 1241 1007 1296 Steph.
1051 1240 1144 1293 τῇδέ
1168 1239 1204 1294 γ’
1227 1241 1390 1293 ἀμοίρου
1411 1240 1476 1280 Μ.
1499 1240 1597 1281 Par.

135 1307 276 1350 Guelf.
300 1308 400 1350 Ald.
445 1310 536 1362 τῇδε
564 1309 596 1351 δ’
625 1311 764 1364 ἆμοίρυ
796 1309 887 1365 (sic)
921 1309 1033 1352 Rob.
1087 1310 1219 1351 Recte
1238 1308 1449 1350 Dobraeus
1478 1310 1600 1360 τῆσδε

132 1377 304 1432 γαμόρῳ·

190 1443 286 1499 892.
308 1444 434 1500 ἔχειν]
456 1446 558 1497 ἕξειν
578 1445 803 1487 Elmsleius
823 1445 940 1486 Mus.
964 1443 1163 1486 Cantabr.
1185 1444 1224 1485 6.
1245 1459 1287 1500 p.
1309 1456 1409 1499 303.

189 1512 285 1568 894.
308 1513 371 1555 καὶ
391 1513 438 1565 δὴ
458 1513 662 1571 δέδεγμαι]
685 1514 776 1554 Fac
794 1527 857 1554 me
876 1513 1092 1569 accepisse.
1127 1512 1178 1553 V.
1195 1511 1346 1553 Elmsl.
1368 1512 1421 1554 ad
1442 1512 1593 1569 Eurip.

132 1579 251 1621 Med.
271 1581 370 1636 380.
402 1581 785 1624 WELLAUER.

189 1648 284 1704 895.
307 1649 482 1691 εὐθενεῖν
503 1649 696 1707 Scaliger.
740 1651 897 1693 ἆθενεῖν
919 1650 1029 1691 Rob.
1078 1650 1121 1692 εὖ
1141 1650 1302 1692 σθένειν
1323 1651 1389 1692 Μ.
1436 1651 1478 1692 εὖ
1499 1654 1591 1692 σθε-

131 1719 215 1759 νεΐν
235 1716 372 1759 Turn.
404 1718 607 1760 εὖσθενεῖν
627 1717 729 1760 Ald.

188 1784 285 1840 897.
306 1785 528 1841 συμφορὰς]
550 1784 752 1840 ξυμφορᾶς
772 1785 984 1828 Porsonus
1002 1794 1124 1827 recte.

188 1850 285 1906 898.
307 1853 374 1893 καί
388 1852 470 1907 μοι]
490 1851 543 1905 μή
561 1866 628 1905 μοι
649 1854 746 1895 Par.

185 1919 408 1972 πρόπαντος
427 1920 698 1962 Abreschius.
728 1922 804 1974 πρὸ
823 1922 971 1966 παντὸς
989 1921 1095 1963 libri.

188 1986 321 2043 θήσει]
345 1986 446 2040 θήσῃ
466 1986 574 2030 libri.

188 2054 284 2109 899.
334 2055 482 2111 ἔξεστι]
536 2057 691 2108 ἔξεο-τιν
730 2056 873 2098 Guelf.
914 2055 1016 2098 Ald.
1072 2057 1182 2099 Rob.
1245 2057 1588 2113 Interrogationis

129 2121 292 2178 signum
312 2122 354 2164 in
374 2123 456 2164 fine
476 2138 618 2165 versus
638 2134 799 2180 ponunt
820 2123 931 2166 Rob.
955 2123 1099 2181 Steph.

186 2203 283 2245 901.
305 2191 519 2248 ἐπικτήσει]
541 2192 728 2249 ἐπικτήσῃ
747 2192 854 2234 libri.

186 2271 284 2313 902.
332 2258 411 2312 τῇδ’
452 2261 692 2316 ἐφυμνῆσαι]
735 2260 816 2318 τῇδ’
853 2261 1076 2316 εὖφημῆσαι
1114 2260 1216 2304 Ald.
1272 2263 1365 2313 τῇδε
1405 2263 1586 2315 φημῆσαι

130 2326 266 2368 Turn.

185 2407 280 2449 903.
304 2396 426 2450 νίκης]
453 2395 723 2438 Scribendum
742 2398 869 2450 νείκης
884 2412 977 2439 cum
997 2399 1254 2439 Hermanno.
1288 2399 1338 2440 V.
1355 2397 1408 2439 ad
1425 2399 1581 2454 Agam.

131 2461 254 2517 1378.

185 2539 281 2585 905.
302 2530 537 2573 Delendum
559 2546 718 2574 comma
737 2540 831 2590 post
851 2532 1004 2585 ἀήματα
1023 2533 1218 2589 positum.

185 2606 282 2651 907.
302 2598 472 2653 βροτῶν]
495 2598 766 2640 Scribendum
787 2604 919 2652 βοτῶν
938 2614 1034 2642 cum
1057 2599 1254 2641 Stanleio.

183 2664 281 2719 908.
313 2665 564 2722 εὐθενοῦντα]
596 2667 849 2710 εὐθενοῦντας
880 2667 947 2707 Μ.
970 2665 1115 2708 Guelf.
1142 2666 1245 2708 Ald.
1296 2666 1416 2708 Idem
1448 2666 1579 2709 voluit

128 2730 239 2772 Rob.
260 2731 334 2787 qui
353 2733 581 2789 typothetae
599 2749 735 2775 errore
756 2733 1014 2776 εὗθινοΰντας.

182 2811 279 2852 910.
302 2800 356 2840 In
373 2800 622 2854 ἐκφορωτέρα
635 2800 890 2842 Abreschius
906 2800 1125 2857 imaginem
1141 2801 1195 2842 ab
1213 2801 1390 2843 elatione
1391 2803 1579 2857 fimeris

125 2863 292 2908 ductam
321 2881 408 2909 esse
430 2867 648 2910 existimat.
699 2867 857 2925 Aptius
886 2878 1023 2910 tamen
1052 2877 1126 2917 est,
1148 2868 1205 2910 sic
1232 2868 1508 2926 interpretari,
1529 2880 1577 2913 ut

816 2947 889 2989 40
