1962 3224
372 175 458 217 606
844 179 1337 222 ANNOTATIONES

367 286 546 328 offendat
565 286 781 343 paululum
801 287 1060 336 duriuscula3
1093 291 1155 330 vel
1183 290 1226 331 τὸ
1246 291 1342 343 πρὸς
1361 293 1460 332 θεῶν
1478 291 1615 343 σέβας,
1638 307 1711 348 per
1729 309 1803 350 op-

365 353 606 408 positionem
635 368 730 394 cum
752 355 1167 410 Asxavjungendum,
1188 359 1438 412 ‘majestatem
1458 372 1486 398 a
1510 359 1594 399 diis
1612 361 1805 400 constita—

367 426 464 461 tam.
528 420 593 461 Sic
626 420 678 462 de
709 421 848 462 eadem
884 422 1053 464 Justitia
1091 423 1278 479 Choeph.
1309 438 1348 464 v.
1380 425 1485 476 640:
1525 424 1568 465 τὸ
1603 428 1682 466 πᾶν
1712 426 1805 470 Διὸς

367 486 491 538 σέβας
509 487 775 540 παρεκβάντες
795 489 1020 539 ἀθεμίστως.
1054 490 1183 530 SCH.

420 563 518 607 397.
541 553 728 607 εὔκριτον]
750 554 922 606 ἔκκριτον
942 554 1051 596 Rob.

421 621 519 674 398.
539 620 645 674 πρὶν]
670 621 722 660 V.
743 621 840 675 369.

421 699 518 741 399.
559 687 611 738 μὴ
651 687 714 728 καὶ
751 687 847 728 ποτὲ
883 688 1096 728 Canterus.
1138 687 1200 728 καὶ
1232 688 1380 739 μήποτε
1414 688 1521 730 libri.
1562 690 1629 731 κού
1655 690 1803 741 μήποτε

371 752 723 793 VVordsworthus.

421 832 518 872 400.
537 818 609 873 μὴ]
633 819 695 859 καὶ
714 818 765 870 μὴ
787 819 851 858 Μ.
874 820 970 859 Par.
994 817 1136 859 Guelf.
1157 817 1259 859 Ald.
1282 818 1391 860 Rob.

423 887 460 926 εἴ
486 902 560 925 που
589 886 625 926 τὶ
653 885 705 936 μὴ
729 888 837 926 τοῖον
855 884 972 939 τύχῃ]
996 886 1079 925 Pro
1097 884 1149 936 μὴ
1169 886 1329 937 ἀγαθόν·
1360 899 1479 926 sensu
1510 885 1595 926 scil.
1627 886 1684 927 ita
1712 901 1803 928 sua-

365 950 487 991 dente
506 951 644 1007 accipi.
686 950 921 1006 Hesychius
940 954 1059 998 τοῖον,
1081 952 1199 994 οὕτως
1218 951 1381 1004 ἀγαθόν.
1423 951 1616 993 Eundem
1636 962 1804 1008 praestat

366 1032 486 1058 usum
503 1018 603 1058 ἄλλο
619 1017 661 1058 in
676 1017 871 1074 loquendi
887 1016 1064 1058 formula
1080 1019 1165 1059 εἴτι
1180 1018 1281 1058 ἄλλο
1298 1019 1482 1070 συμβαίη.
1499 1020 1801 1061 ABRESCH.

421 1085 531 1138 τύχοι
561 1085 784 1125 Porsonus.
825 1085 921 1138 τύχῃ
949 1085 1085 1124 Turn.
1114 1083 1253 1140 Steph.
1285 1087 1404 1138 τυχθῇ
1445 1085 1602 1127 codices
1630 1095 1672 1127 et
1697 1086 1800 1128 Ald.

366 1150 477 1191 Rob.

420 1229 517 1268 401.
542 1217 752 1270 ἐπήλυδας]
778 1218 813 1258 εἶ
831 1216 1004 1268 πήλυδας
1021 1216 1084 1258 vel
1106 1216 1311 1272 εἶπήλυδας
1330 1218 1395 1259 Μ.
1418 1218 1560 1261 Guelf.
1581 1218 1682 1260 Ald.

419 1296 517 1334 402.
533 1284 788 1338 ἀμφοτέρους]
805 1283 1048 1336 ἆμφοτέρωσ’
1064 1283 1378 1339 Bambergerus.
1405 1285 1638 1339 ἀμφοτέροις
1651 1285 1803 1328 Schue-

365 1349 482 1391 tzius.

420 1429 518 1471 403.
541 1417 637 1459 Ζεὺς
658 1416 908 1469 ἑτερορρεπὴς
927 1417 1031 1457 verti
1050 1416 1215 1472 quidem
1238 1426 1369 1472 potest
1388 1419 1435 1458 in
1453 1418 1626 1459 alteram
1637 1425 1802 1474 partem

363 1485 584 1534 inclinans,
610 1498 691 1524 non
721 1492 855 1524 tamen
885 1483 962 1523 hoc
991 1498 1123 1531 sensu,
1145 1498 1191 1524 ac
1217 1484 1248 1524 si
1269 1483 1437 1539 Jupiter
1456 1484 1527 1524 uni
1546 1484 1653 1540 parti
1672 1486 1802 1542 magis

362 1549 499 1590 faveat
523 1564 646 1605 quam
674 1548 803 1599 alteri,
828 1548 941 1604 quod
970 1557 1074 1590 esset
1102 1549 1155 1590 ab
1182 1550 1271 1605 ejus
1297 1549 1458 1605 justitia
1485 1549 1798 1600 alienissimum;

363 1616 434 1657 sed
449 1615 698 1669 ἑτερορρεπὴς
710 1615 761 1656 de
770 1615 932 1671 justitia
948 1629 1042 1670 quae
1058 1615 1207 1657 dicitur
1222 1615 1482 1658 distributiva
1494 1618 1524 1658 J
1527 1617 1613 1658 ovis
1625 1634 1800 1675 usurpa-

363 1692 468 1733 tum,
490 1691 605 1724 notat
625 1691 801 1733 tantum,
822 1697 915 1723 eum
937 1682 1009 1738 qui
1035 1682 1228 1724 trutinam
1249 1692 1394 1735 versat,
1415 1693 1456 1725 et
1485 1684 1649 1740 utrique
1677 1686 1798 1741 parti,

363 1750 406 1791 id
426 1750 539 1805 quod
560 1750 710 1805 cuique
729 1748 1149 1805 debetur,'appendit.
1184 1750 1312 1791 SCH.

418 1830 515 1869 404.
547 1816 673 1871 ἄδικα]
694 1817 805 1857 ἄδικα
831 1816 961 1867 νέμειν
982 1830 1063 1856 non
1092 1825 1167 1866 est,
1194 1818 1348 1872 ‘injuste
1373 1831 1464 1857 cum
1492 1817 1630 1873 aliquo
1658 1832 1798 1874 agere,

363 1883 448 1933 sed,
458 1884 603 1937 facere
622 1889 669 1924 ut
693 1897 820 1924 causa
848 1883 963 1924 cedat
991 1884 1167 1938 adeoque
1187 1884 1233 1923 in
1245 1883 1353 1938 fhro
1380 1884 1563 1939 iry‘ustus
1588 1891 1799 1940 appareat.

365 1950 432 1991 Sic
461 1950 505 1990 τὸ
534 1950 663 2001 ἧσσον
692 1951 816 2004 ἀδικίᾳ
847 1949 977 2001 νέμειν
1001 1949 1061 1991 ἀεὶ
1089 1949 1240 1990 dicitur
1268 1949 1459 1990 Minerva
1479 1949 1624 2006 Eurip.
1650 1951 1797 2007 Suppl.

362 2032 401 2057 V.
422 2026 519 2071 379.
553 2017 684 2057 SCH.

417 2094 515 2138 405.
545 2085 844 2136 τί--μεταλγεῖς
873 2082 916 2124 τὸ
946 2083 1093 2124 δίκαιον
1113 2082 1239 2139 ἔρξαι]
1265 2083 1383 2130 Quod
1413 2083 1462 2137 (J
1464 2082 1567 2137 ovis)
1583 2083 1798 2138 judicium

359 2164 452 2191 cum
485 2156 642 2206 aequato
670 2151 887 2191 libramine
915 2155 1075 2200 constet,
1104 2163 1179 2190 cur
1208 2155 1245 2190 te
1274 2163 1409 2204 quaeso
1437 2150 1558 2205 piget
1579 2150 1798 2205 justitiam

361 2217 579 2257 exercere?
612 2217 743 2257 SCH.

416 2295 513 2336 409.
542 2282 747 2338 ᾠνωμένον
778 2281 996 2332 Salvinius,
1017 2280 1090 2336 qui
1120 2279 1324 2331 ὠνωμένον
1346 2295 1398 2321 ex
1418 2281 1482 2321 M.
1510 2282 1735 2333 annotavit,
1756 2291 1798 2324 et

363 2351 583 2391 Porsonus.
640 2349 837 2402 ὀνωμένον
875 2349 986 2390 Rob.
1043 2347 1255 2400 οἰνωμένον
1294 2349 1427 2389 Turn.
1477 2349 1691 2402 ὠνωμένων
1730 2352 1795 2393 Μ.

363 2416 506 2457 Guelf.
526 2417 627 2458 Ald.

415 2496 510 2534 412.
544 2484 605 2524 καὶ
630 2482 725 2535 μήτε
750 2485 853 2535 δῆρις
870 2481 1015 2535 ῥυσίων
1035 2480 1252 2534 ἐφάψεται]
1280 2480 1409 2522 Stanl.
1429 2481 1572 2523 vertit:
1604 2489 1643 2524 et
1670 2497 1798 2540 neque

357 2563 507 2606 pugna
526 2549 729 2605 supplices
748 2549 937 2604 attinget.
979 2546 1009 2587 J
1011 2560 1077 2587 am
1096 2547 1211 2599 ῥύσια
1230 2546 1395 2602 quidem
1416 2547 1458 2589 h.
1475 2547 1500 2588 l.
1521 2548 1574 2589 ad
1594 2548 1797 2605 supplices

359 2631 390 2657 S.
415 2616 623 2657 Danaides
641 2614 830 2666 refertur,
846 2613 1023 2670 pressius
1042 2622 1175 2654 tamen
1197 2622 1283 2654 erat
1297 2629 1344 2654 ac
1359 2613 1513 2655 finitius
1526 2615 1796 2672 interpretan-

359 2682 474 2722 dum.
542 2680 679 2722 Ῥύσια
716 2680 911 2721 dicuntur
949 2679 1165 2736 suppliceS,
1204 2679 1320 2735 quasi
1351 2681 1554 2736 pignora,
1593 2690 1796 2737 quatenus

360 2748 538 2804 AEgypti
557 2747 629 2788 filii
652 2747 723 2802 jus
747 2762 814 2788 eas
842 2746 918 2787 sibi
944 2745 1190 2796 vindicandi,
1211 2755 1251 2787 et
1280 2746 1352 2787 ubi
1380 2746 1640 2798 invenissent,
1661 2747 1791 2789 abdu-

358 2814 476 2855 cendi
495 2814 751 2855 affectabant.
812 2814 907 2854 Hoc
926 2813 1065 2868 itaque
1086 2814 1174 2854 vult
1194 2812 1300 2869 regis
1318 2813 1472 2854 dictum
1491 2830 1500 2854 ε
1531 2820 1570 2855 et
1599 2820 1645 2855 ut
1666 2827 1793 2870 neque

357 2882 502 2923 bellum
531 2881 583 2922 ab
609 2879 787 2936 AEgypti
816 2879 907 2920 filiis
937 2894 1007 2920 vos
1036 2885 1232 2935 tanquam
1262 2879 1344 2921 suis
1373 2880 1568 2922 vindiciis
1595 2880 1791 2922 obnoxias
