1962 3224
562 173 652 213 AD
683 169 1124 212 CHOEPHORAS.
1491 166 1578 211 499

109 288 322 343 μοχλεύειν
342 285 406 328 vel
427 286 686 340 ἑκμοχλεύειν
704 284 776 335 τὴν
796 283 932 336 θύραν,
939 283 1068 338 sores
1089 281 1262 338 pessulo
1280 279 1448 321 reducto
1466 292 1576 320 rese-

110 369 223 397 rare.
266 352 557 396 Hemsterhus.
587 351 642 393 ad
674 350 839 393 Polluc.
875 363 941 401 10,
975 362 1045 392 22.
1098 350 1197 390 Hoc
1228 356 1291 389 est
1324 346 1440 402 quod
1475 345 1578 388 dicit

113 421 341 479 AEschylus
367 412 537 476 μοχλοῖς
565 422 700 475 χαλᾶν
719 421 791 463 τὰς
819 419 961 461 πύλας.
1005 416 1155 473 Eurip.
1180 415 1276 473 Iph.
1300 416 1356 456 T.
1381 428 1449 470 99.
1471 419 1577 469 χαλ-

112 492 296 533 κότευκτα
334 491 485 543 κλῇθρα
522 489 719 532 λύσαντες
756 490 934 542 μοχλοῖς.
999 484 1072 526 Ad
1113 483 1335 540 vulgatum
1374 481 1578 539 loquendi

109 572 242 615 genus
269 557 442 615 propius
470 556 663 599 accedere
692 557 820 608 πύλης
852 556 1027 609 (πυλῶν)
1059 552 1236 608 μοχλοὺς
1261 554 1408 606 χαλᾶν,
1438 550 1578 592 obser-

111 625 223 668 vavit
242 625 484 678 Arnaldus3
515 624 641 667 citato
660 623 882 681 Aristoph.
905 624 1010 680 Lys.
1032 635 1132 679 310.
1157 620 1244 663 Κᾶν
1271 621 1323 673 μὴ
1350 620 1578 661 καλούντων

110 694 200 737 τοὺς
217 693 394 748 μοχλοὺς
408 697 590 748 χαλῶσιν
606 694 647 734 αἱ
661 697 858 746 γυναῖκες,
871 689 1168 744 Ἐμπιμπράναι
1186 689 1264 744 χρὴ
1280 690 1350 732 τὰς
1366 689 1497 741 θύρας,
1515 687 1579 728 καὶ

109 761 163 818 τῷ
184 763 317 818 καπνῷ
337 761 499 812 πιέζειν.
531 761 763 803 BLOMF.

170 830 267 871 880.
288 828 380 871 ὥστ’
402 829 628 871 Porsonus.
662 830 714 872 ὥς
733 828 765 870 δ’
787 827 896 871 libri.

169 897 495 954 διαπεπραγμένῳ
526 898 664 940 Turn.
697 897 843 954 Steph.
872 905 914 937 et
941 895 1172 947 scholiasta,
1193 895 1268 952 qui
1294 897 1348 951 τῷ
1381 891 1581 947 σφαγέντι

111 965 419 1022 interpretatur.
451 965 804 1020 διαπεπραγμένων
823 963 918 1005 libri
938 963 1101 1020 reliqui.

170 1034 212 1075 τί
236 1033 329 1089 γάρ]
362 1034 477 1082 Quid
504 1035 652 1075 enim?
682 1033 708 1074 i.
730 1049 765 1074 e.
792 1033 895 1090 quid
918 1033 1030 1073 enim
1054 1032 1248 1074 adtinet?
1282 1032 1435 1088 Agam.
1457 1041 1580 1073 1210.

116 1102 194 1143 Καὶ
212 1100 323 1143 τῶνδ’
345 1103 483 1153 ὅμοιον
505 1104 542 1144 εἴ
559 1119 596 1143 τι
614 1102 667 1154 μὴ
686 1102 821 1143 πείθω.
852 1101 892 1142 τί
908 1099 1011 1155 γάρ;
1046 1101 1097 1142 In
1122 1099 1345 1157 Iphigenia
1363 1114 1432 1156 ap.
1454 1097 1581 1140 schol.

117 1169 310 1227 Sophocl.
345 1170 421 1227 Aj.
452 1180 550 1224 721.
587 1171 710 1212 Οὔτοι
742 1169 902 1224 γυναιξὶ
935 1169 1012 1224 χρὴ
1043 1168 1287 1220 κυδάζεσθαι·
1320 1169 1361 1209 τί
1390 1167 1492 1221 γάρ;
1527 1167 1583 1208 In

113 1239 249 1296 capite
286 1239 501 1280 sententiae
535 1239 662 1280 Eum.
696 1240 792 1292 675.
826 1238 881 1279 Τί
910 1237 1013 1292 γάρ;
1057 1237 1157 1291 πρὸς
1184 1238 1292 1289 ὑμῶν
1326 1240 1407 1280 πῶς
1441 1233 1581 1277 τιθεῖσ’

114 1308 295 1362 ἄμομφος
325 1307 381 1360 ὣς
413 1307 567 1364 Eurip.
599 1308 673 1349 Or.
700 1307 800 1360 476.
829 1307 885 1348 Τί
910 1305 1013 1360 γάρ;
1046 1306 1170 1359 φίλου
1198 1322 1267 1358 μοι
1292 1303 1442 1358 πατρὸς
1472 1303 1583 1346 ἐστὶν

115 1376 291 1430 ἔκγονος,
313 1375 386 1417 ubi
406 1375 516 1417 valet
536 1375 718 1432 quidni!
748 1374 981 1415 BLOMF.

173 1445 271 1487 882.
290 1444 375 1500 ποῖ]
396 1446 473 1486 ποῦ
492 1442 718 1484 Elmsleius
738 1450 848 1483 recte
867 1442 1054 1484 fortasse.

171 1513 517 1569 Κλυταιμνήστρα]
540 1511 876 1565 κλυταιμνήστρας
898 1509 1043 1552 Guelf.
1064 1509 1168 1551 Ald.

173 1582 270 1638 883.
300 1582 433 1637 αὐτῆς]
465 1583 514 1624 αὖ
545 1580 655 1633 τῆσδ’
690 1582 758 1634 (ut
778 1581 910 1637 prius
943 1579 1158 1637 AEgistkz',
1188 1580 1250 1620 sic
1282 1592 1396 1619 nunc
1431 1591 1584 1619 rursus

116 1651 259 1707 hzy‘us)
295 1649 508 1691 Martinus
545 1649 587 1690 in
621 1648 841 1690 Observat.
874 1646 1025 1688 criticis
1063 1645 1106 1687 in
1143 1645 1336 1702 AEschyli
1368 1647 1584 1688 Oresteam

117 1717 337 1760 Posnaniae
356 1717 478 1759 editis
496 1732 533 1759 a.
556 1717 680 1771 1837.
700 1730 744 1772 p.
765 1727 834 1757 22.

175 1786 239 1828 ἐπὶ
284 1784 402 1839 ξυροῦ
445 1784 578 1839 (ξυρὸν
618 1783 766 1825 Guelf.
803 1782 945 1838 Ald.)]
996 1781 1144 1824 Lectio
1183 1781 1341 1823 vitiosa.
1403 1782 1587 1834 ἐπιξήνου

118 1852 376 1895 Abreschius
394 1851 543 1894 collato
563 1851 717 1908 Agam.
738 1862 861 1905 1277.
881 1854 1020 1904 βωμοῦ
1038 1849 1220 1908 πατρῴου
1241 1849 1273 1892 δ’
1294 1851 1380 1892 ἀντ’
1401 1851 1587 1903 ἐπίξηνον

117 1920 230 1973 μένει
249 1920 377 1976 θερμῷ
399 1923 591 1962 κοπεῖσαν
610 1919 753 1975 φοινίῳ
772 1918 1070 1973 προσφάγματι.

177 1988 274 2040 884.
298 1986 440 2043 αὐχὴν]
461 1986 588 2041 ἀρχὴν
608 1986 712 2028 Ald.
734 1986 846 2028 unde
866 1987 969 2042 ἀρχὴ
991 1987 1127 2028 Turn.

175 2054 475 2110 πεπληγμένης]
497 2052 777 2107 πεπληγμένος
798 2053 942 2096 Guelf.
964 2053 1068 2095 Ald.
1091 2053 1202 2095 Rob.

179 2123 277 2164 886.
318 2123 451 2164 Hunc
490 2136 655 2163 versum
694 2136 813 2164 servo
852 2121 1045 2164 tribuunt
1079 2123 1215 2165 Turn.
1254 2122 1415 2180 Steph.,
1450 2121 1590 2164 Oresti

122 2189 267 2234 Guelf.
287 2189 392 2232 Ald.
414 2189 528 2232 Rob.

176 2259 267 2303 τοὺς
285 2256 542 2314 τεθνηκότας]
565 2258 699 2300 Fama
718 2267 917 2300 mortuos.

178 2325 303 2382 λέγω]
323 2328 433 2382 λόγῳ
454 2327 594 2368 Turn.
617 2326 764 2383 Steph.

180 2394 278 2446 887.
300 2393 399 2449 893.
420 2394 518 2449 928.
538 2393 576 2436 οἲ
594 2393 686 2449 ’γὼ]
711 2393 833 2436 Libri
853 2394 896 2436 οἳ
914 2395 992 2449 ἐγὼ
1012 2395 1078 2435 vel
1098 2393 1136 2435 οἲ
1157 2395 1248 2448 ε’γῶ.

182 2461 277 2515 890.
297 2459 321 2512 ἢ
342 2463 527 2516 νικῶμεν]
554 2462 829 2504 Scribendum
851 2464 886 2506 εἰ
906 2465 1074 2515 νικῶμεν
1092 2477 1188 2503 cum
1212 2462 1350 2503 Turn.
1373 2462 1520 2519 Steph.

181 2528 282 2583 892.
305 2527 410 2584 ἔχει]
432 2529 519 2583 ἔχοι
538 2529 641 2571 Ald.

177 2597 275 2653 893.
307 2597 667 2639 Constructionem
699 2598 869 2651 φίλτατε
904 2599 1098 2651 Αἰγίσθου
1132 2598 1219 2649 βία,
1252 2597 1326 2639 ubi
1361 2606 1423 2639 est
1453 2599 1592 2652 σχῆμα

124 2666 221 2719 πρὸς
252 2664 298 2705 τὸ
330 2665 621 2717 σημαινόμενον
656 2664 916 2706 illustrarunt
944 2663 1156 2705 Matthiae.
1194 2664 1274 2706 Gr.
1308 2664 1385 2706 Gr.
1419 2666 1460 2718 ξ.
1487 2678 1590 2720 434.

121 2732 346 2776 Elmsleius
362 2732 418 2774 ad
434 2732 626 2788 Sophocl.
643 2732 747 2774 OEd.
766 2733 824 2774 T.
843 2746 862 2774 1
874 2734 966 2786 167.
985 2731 1137 2788 Eurip.
1156 2732 1309 2773 Bacch.
1331 2733 1455 2787 1306.
1488 2734 1588 2775 Hoc

125 2812 262 2845 tamen
282 2800 521 2858 exemplum
543 2800 715 2843 unicum
734 2808 797 2842 est
822 2800 950 2857 hujus
969 2799 1362 2850 circumlocutionis,
1378 2801 1453 2852 βία
1471 2817 1591 2854 τινος,

124 2885 221 2912 cum
240 2868 447 2927 adjectivo
465 2867 680 2910 masculini
699 2867 862 2924 generis
881 2868 1127 2925 conjunctae.
1159 2868 1391 2911 BLOMF.

185 2939 287 2994 894.
306 2938 440 2994 τάφῳ]
466 2939 518 2994 τῷ
539 2936 652 2992 τάφῳ
674 2935 784 2978 Rob.

795 3017 821 3060 3
846 3018 874 3044 R
896 3014 921 3045 2
