1962 3224
558 164 562 168 ’
607 164 697 205 AD
729 163 1084 205 SUPPLICES.
1497 162 1582 206 579

174 280 244 332 48.
275 278 306 319 τ’
338 278 567 332 ἐγέννασεν·
598 276 678 319 ὅντ’
711 278 936 318 Porsonus.
987 275 1018 318 δ’
1051 276 1247 330 ἐγέννασε
1278 274 1396 317 ἐ-όντ’
1430 275 1495 316 M.
1540 276 1582 316 δὲ

118 347 263 401 γέννας
297 345 395 389 ἐόντ’
426 347 525 388 Par.
557 345 668 387 Rob.
713 361 758 387 τε
791 344 958 398 γεννέας
991 343 1071 386 ὅντ’
1094 343 1201 385 Ald.
1247 359 1292 385 τε
1326 345 1467 397 γενεᾶς
1501 342 1580 385 ὄντ’

120 415 256 456 Turn.
286 431 330 456 τε
350 413 492 468 γέννας
512 413 611 455 ἐόντ’
637 412 782 470 Steph.

176 494 245 535 49.
268 481 349 522 ὅντ’
370 480 653 537 ἐπιλεξαμένα]
672 481 758 521 Ηίο
775 488 991 522 resumunt
1008 479 1221 521 Danaides
1235 478 1432 521 orationis
1446 477 1581 528 filum,

119 548 351 604 parenthesi
362 547 802 603 Ἐφαψιν--ἐγέννησε
826 548 1067 604 abruptum.
1118 546 1413 599 Ἐπιλεξαμένα
1441 554 1581 587 autem

120 614 149 656 i.
169 630 211 671 q.
234 617 518 668 ἐπικεκλομένα
547 633 585 659 ν.
609 630 678 668 41.
710 615 848 657 malim
866 625 1039 666 vertere,
1066 614 1299 672 appellans,
1319 627 1467 655 nomen
1494 614 1583 670 (ᾔεις

117 684 254 725 citans
274 699 306 725 s.
326 699 573 734 memorans,
594 700 722 742 quam
742 693 791 726 ut
812 684 940 741 vulgo
960 683 1149 734 vertitur,
1170 684 1386 724 invocans.
1417 682 1584 738 Nempe

121 750 350 807 significant
370 753 542 810 Epaphi
570 768 719 795 nomen
751 752 1018 794 memorando
1044 768 1086 794 se
1113 751 1406 803 declaraturas,
1428 751 1586 808 cujates

120 818 218 870 sint,
248 827 290 860 et
320 835 498 876 quanam
532 836 558 862 a
587 820 715 877 stirpe
747 820 947 877 originem
983 819 1152 861 ducant.
1195 819 1249 861 cf.
1277 818 1389 861 infra
1419 835 1458 861 v.
1489 828 1585 874 274.

122 901 238 943 seqq.
271 888 403 930 SCH.

179 964 250 1009 50.
284 956 328 997 ἐν
358 958 584 1007 ποιονόμοις
620 955 764 1009 ματρὸς
803 955 972 1009 ἀρχαίας
1004 955 1154 1009 τόποις]
1191 953 1398 1011 Argivam
1434 963 1585 994 terram

122 1020 356 1078 designant,
378 1034 425 1065 ut
445 1039 571 1081 supra
590 1039 628 1065 v.
655 1024 722 1065 16.
744 1037 834 1079 sqq.
870 1022 989 1064 Infra
1008 1037 1046 1064 v.
1062 1032 1164 1078 553.
1185 1020 1330 1063 eadem
1351 1020 1588 1079 appellatur

123 1089 299 1132 παλαιὸν
317 1092 430 1145 ἴχνος
448 1091 627 1145 ματέρος.
663 1091 795 1133 SCH.

181 1170 251 1213 52.
291 1163 368 1201 τῶν
396 1159 547 1213 πρόσθε
582 1161 715 1201 πόνων
745 1157 1001 1211 μνασαμένα]
1036 1158 1220 1198 Labores
1260 1156 1345 1199 scil.
1381 1158 1458 1198 [fis
1488 1159 1588 1199 olim

123 1226 358 1268 exantlatos
377 1233 647 1269 enarratum.
678 1225 732 1268 cf.
755 1243 794 1267 v.
818 1239 913 1281 291.
934 1241 1028 1282 sqq.
1059 1226 1194 1267 SCH.

181 1307 253 1348 54.
282 1294 330 1335 τά
358 1294 389 1335 τ’
412 1296 578 1347 ἀνόμοια
599 1296 762 1350 (ἆνόμια
786 1294 910 1347 Ald.)
944 1293 1013 1336 οἶδ’
1038 1294 1127 1348 (οἷδ’
1149 1292 1297 1348 Ald.)]
1335 1293 1472 1335 Verba
1500 1309 1590 1335 cor-

126 1373 264 1419 rupta.
306 1363 488 1416 τεκμήρί,
508 1363 566 1404 ἅτ’
587 1362 758 1415 ἀνόμεν’,
781 1362 900 1415 οἶμαι,
924 1362 1078 1404 ἄελπτα
1110 1362 1321 1402 Porsonus
1350 1361 1392 1403 in
1424 1361 1590 1403 Miscel-

127 1430 252 1472 laneis
271 1445 316 1487 p.
339 1443 436 1485 209.

181 1511 251 1554 59.
289 1498 480 1553 ἔγγαιος,]
511 1497 748 1539 Delendum
779 1513 954 1548 comma,
985 1497 1249 1539 scribendum
1280 1497 1457 1551 ἐγγάϊος,
1492 1512 1588 1539 cum

125 1563 415 1620 Bambergero.
478 1565 596 1606 Idem
618 1565 773 1618 οἰκτρὸν
792 1574 900 1606 recte
920 1564 1052 1621 ejecit,
1076 1573 1290 1620 praeeunte
1311 1564 1478 1606 Bothio.

184 1632 251 1673 60.
269 1632 345 1688 τις]
370 1631 610 1683 Scholiasta,
631 1632 841 1682 πλεονάζει
862 1632 905 1673 τὸ
926 1649 995 1675 τις.
1026 1633 1096 1673 τιν’
1118 1633 1367 1674 Pearsonus.

183 1699 355 1755 ἀκούων]
379 1700 510 1741 Recte
531 1699 740 1741 Heathius
759 1700 917 1741 ἀκούειν
936 1699 1129 1742 correxit.

182 1766 348 1820 Τηρεΐας
379 1768 648 1808 Hei-mannus
680 1767 834 1823 Opusc.
866 1768 948 1809 vol.
979 1780 1019 1822 3.
1056 1783 1100 1824 p.
1134 1770 1233 1809 216.
1277 1771 1447 1822 Τηρείας
1482 1769 1589 1811 libri.

124 1835 296 1888 Τηρείας
324 1849 418 1875 cum
450 1835 616 1889 ἀλόχου,
646 1834 804 1887 μήτιδος
833 1849 928 1876 cum
959 1837 1114 1888 οἰκτρᾶς
1143 1836 1483 1892 conjungendum
1505 1852 1592 1878 esse

129 1901 292 1943 monuit
311 1901 502 1943 Bothius.

186 1970 256 2010 61.
288 1970 441 2021 οἰκτρᾶς
469 1969 640 2026 ἀλόχου]
674 1969 911 2011 Secundum
940 1970 1083 2026 tragici
1117 1971 1244 2012 nostri
1277 1982 1455 2014 mentem
1485 1988 1594 2014 uxor

130 2035 257 2078 Terei
278 2035 507 2078 Philomela
527 2047 626 2088 erat,
648 2052 728 2078 non
751 2047 798 2079 ut
818 2037 886 2079 alii
907 2038 1209 2095 perhibuerunt
1230 2041 1404 2082 Procne.
1438 2042 1571 2083 SCH.

187 2105 258 2146 62.
277 2103 332 2160 τ’]
354 2102 391 2157 γ’
415 2104 632 2147 Stanleius.

184 2171 367 2226 ἀηδόνος]
393 2172 558 2224 ἀηδονῆς
579 2173 642 2214 M.
666 2174 763 2214 Par.
787 2173 888 2215 Ald.
911 2174 1020 2215 Rob.

187 2240 258 2294 63.
278 2238 337 2280 ἅτ’
357 2239 434 2280 ἀπὸ
453 2241 593 2294 χώρων
614 2240 756 2297 steph.
793 2243 1058 2296 ἆτοποχώρων
1079 2243 1144 2283 Μ.
1170 2242 1266 2283 Par.
1308 2243 1433 2285 ἄτοπο
1453 2244 1594 2299 χώρων

130 2305 233 2348 Ald.
264 2307 290 2348 ἃ
308 2307 408 2348 τάπὸ
428 2309 567 2361 χώρων
588 2309 695 2350 Rob.
730 2310 755 2350 ἃ
774 2311 905 2351 τόπων
925 2311 1065 2364 χώρων
1087 2311 1225 2351 Turn.

189 2374 413 2430 εῖργομένα]
439 2376 634 2429 ἐργομένα
656 2378 721 2418 Μ.
744 2378 840 2418 Par.
863 2378 972 2419 Rob.
994 2379 1128 2419 Turn.
1161 2379 1327 2431 ἐργομία
1349 2378 1450 2420 Ald.
1472 2380 1594 2436 cujus

133 2441 350 2496 typotheta
368 2441 465 2483 alibi
485 2458 653 2499 quoque
683 2444 822 2486 literas
842 2461 887 2486 εν
907 2454 948 2486 et
969 2462 982 2486 ι
1002 2445 1278 2502 permutavit:
1312 2446 1365 2487 de
1379 2462 1467 2502 quo
1486 2447 1595 2488 dixit

134 2509 344 2550 Porsonus
363 2509 404 2550 in
426 2509 702 2552 Miscellaneis
722 2527 763 2568 p.
784 2524 878 2566 209.

192 2577 259 2626 64.
290 2576 433 2631 ἠθέων]
468 2578 653 2633 Hesyeh.
675 2579 785 2631 ἤθεα,
811 2580 898 2623 τοὺς
919 2580 1099 2631 συνήθεις
1128 2582 1270 2623 τόπους
1290 2581 1354 2621 καὶ
1374 2583 1593 2634 διατριβὰς,

134 2643 209 2684 ubi
247 2642 495 2684 conferenda
532 2652 593 2685 est
633 2644 799 2687 Alberti
839 2655 952 2696 nota,
992 2646 1065 2702 qui
1105 2646 1361 2702 comparavit
1393 2647 1593 2703 Apollon.

134 2709 277 2752 Rhod.
308 2714 469 2766 Argon.
504 2723 544 2761 2,
568 2724 690 2764 1242.
720 2713 850 2765 χῶρόν
881 2729 924 2754 τε
959 2713 1021 2753 καὶ
1051 2713 1150 2764 ἤθεα
1184 2718 1295 2755 κεῖνα
1327 2719 1517 2766 λιποῦσα,
1554 2726 1596 2757 et

136 2777 291 2819 AElian.
319 2777 414 2819 hist.
445 2777 608 2819 animal.
631 2792 671 2834 9,
688 2793 728 2834 9,
756 2779 829 2835 qui
858 2779 1036 2836 eleganti
1066 2782 1352 2836 paronomasia
1381 2781 1488 2823 dixit
1518 2787 1595 2825 τῶν

133 2844 318 2901 μητρῴων
339 2846 402 2886 καὶ
421 2845 526 2896 ἠθῶν
553 2846 615 2887 καὶ
644 2847 744 2888 ἐθῶν
777 2848 883 2899 ἐρᾶν,
915 2861 992 2903 pro
1011 2854 1224 2891 maternas
1253 2849 1368 2891 sedes
1394 2857 1433 2892 et
1462 2865 1595 2893 mores

134 2925 290 2955 amare.
325 2913 458 2956 SCH.
968 2968 970 2970 v

802 2996 829 3034 4
851 2996 878 3023 n
902 2994 925 3025 2
