1962 3224
620 193 710 234 AD
742 190 1184 233 CHOEPHORAS.
1558 189 1643 230 445

169 314 241 364 ρᾶς
260 310 304 351 ἐκ
327 307 473 362 φρενός
500 305 538 359 μ’
561 304 811 348 ἀναστένειν.
877 303 931 344 In
963 310 1142 357 utroque
1171 300 1262 340 loco
1293 297 1496 354 significat
1529 313 1643 340 men-

169 388 266 429 tem,
287 376 409 433 cujus
428 389 573 416 sensus
593 387 676 415 non
696 372 834 429 palam
856 368 1122 426 exprimitur.
1156 366 1391 408 BLOMF.

234 444 324 498 158.
347 444 720 488 ὀτοτοτοτοτοτοτοῖ,
745 438 805 494 ἰὼ]
827 436 961 480 Haec
951 451 994 477 m
1016 433 1197 477 dochmii
1218 433 1393 474 formam
1416 431 1643 488 redigenda

172 514 359 559 ὀτοτοτοῖ,
393 511 450 558 ἰὼ,
452 534 529 550 -.
589 508 790 550 Proxima
820 506 876 547 sic
907 503 1096 546 versibus
1128 512 1227 543 sunt
1257 500 1497 551 dividenda,
1529 501 1644 544 τίς-

172 579 270 632 ἆνὴρ
296 579 302 634 Ι
329 577 586 630 ἀναλυτὴρ-
612 577 619 633 Ι
645 575 694 617 τά
713 574 1097 616 τ’-παλίντονα-.

234 648 330 687 160.
362 646 514 696 Σκύθης
533 644 582 686 τά
602 643 633 685 τ’
657 644 717 700 ἐν]
739 643 886 685 Lectio
906 641 1062 684 vitiosa.
1099 637 1294 681 σκυθιτάτ’
1318 639 1362 679 ἐν
1383 637 1448 677 Μ.
1481 635 1646 677 σκυθικά

174 714 204 756 τ’
240 715 284 756 ἐν
314 713 425 755 Rob.
466 713 657 754 Σκυθιστί
686 711 718 753 τ’
756 713 800 753 ἐν
833 709 1048 752 Martinus
1082 708 1123 749 in
1158 706 1333 749 Observ.
1369 705 1458 747 crit.
1495 705 1644 757 (Posn.

178 782 321 837 1837.)
344 796 384 837 p.
406 793 470 822 12.

230 848 455 905 παλίντον’]
482 847 754 890 Scribendum
776 848 998 889 παλίντονα
1018 860 1111 887 cum
1137 842 1322 885 Seidlero
1351 840 1438 883 sine
1464 839 1645 881 elisione.

233 919 410 958 Homer.
434 917 486 958 Il.
510 920 561 959 Θ.
583 918 678 958 266.
707 916 930 957 παλίντονα
949 915 1043 965 τόξα
1063 912 1260 954 τιταίνων.
1282 908 1490 951 Herodot.
1514 918 1554 962 7,
1577 910 1644 962 69.

174 985 512 1039 Ἀράβιοι-τόξα
531 986 753 1026 παλίντονα
774 983 885 1037 εἶχον
904 981 1001 1035 πρὸς
1022 980 1144 1032 δεξιά,
1162 977 1304 1032 μακρά.
1330 977 1402 1018 ubi
1420 975 1648 1018 VVesselin-

175 1053 295 1109 gius;
333 1057 360 1076 “
382 1054 521 1093 Arcus
550 1066 692 1093 omnes
721 1054 955 1093 παλίντονοι
985 1064 1115 1105 quum
1149 1047 1242 1098 sint,
1268 1046 1386 1102 justa
1414 1044 1649 1086 observatio

177 1119 390 1162 Eustathii
431 1130 507 1168 est,
537 1120 729 1161 Arabum
771 1134 891 1159 arcus
925 1118 1060 1158 forma
1099 1115 1226 1156 fuisse
1266 1112 1479 1170 singulari,
1520 1122 1648 1169 atque

177 1194 398 1245 utramque
427 1189 474 1228 in
504 1193 667 1244 partem
689 1186 877 1243 flaviles,
907 1186 971 1226 ἐπὶ
1002 1184 1147 1237 θάτερα
1176 1183 1274 1235 μέρη
1307 1182 1536 1233 κλινόμενα,
1564 1179 1650 1221 sive

180 1254 288 1298 Attii
311 1269 408 1295 voce
428 1255 658 1310 reciproca,
680 1262 874 1294 monente
904 1252 1114 1307 Scaligero
1142 1250 1184 1291 in
1207 1251 1384 1291 Varron.
1407 1248 1459 1289 de
1481 1247 1653 1303 Lingua

178 1325 270 1364 Lat.
293 1323 331 1363 6.
354 1337 396 1378 p.
419 1322 516 1375 78.''
574 1322 710 1362 Erant
737 1335 886 1376 nempe
906 1321 1001 1371 τόξα
1020 1320 1243 1360 παλίντονα
1263 1333 1398 1368 arcus,
1419 1316 1490 1372 qui
1515 1315 1651 1357 nervis

179 1390 323 1433 solutis
359 1404 441 1430 non
476 1388 585 1430 illico
620 1389 832 1436 εὐθύτονοι,
870 1389 971 1429 recti
1008 1387 1177 1436 fiebant,
1215 1386 1286 1428 sed
1322 1386 1363 1426 in
1400 1386 1647 1427 contrariam

180 1470 338 1518 partem
362 1475 447 1501 sese
466 1458 702 1500 flectebant.
733 1456 934 1513 Apollon.
957 1455 1098 1497 Rhod.
1119 1470 1155 1507 1,
1174 1469 1271 1511 993.
1294 1454 1521 1508 τΗρακλέης
1542 1453 1584 1497 ὃς
1605 1453 1651 1505 δή

181 1534 257 1582 σφι
295 1528 536 1569 παλίντονον
575 1526 679 1579 αἶψα
724 1525 926 1567 τανύσσας
964 1522 1109 1574 Τόξον,
1152 1522 1447 1575 ἐπασσυτέρους
1495 1521 1651 1563 πέλασε

180 1598 310 1651 χθονί.
355 1594 471 1648 (Vid.
505 1603 647 1635 notata
675 1593 730 1634 ad
761 1591 1023 1648 Hesychium
1056 1591 1096 1632 in
1130 1595 1267 1644 voce).
1313 1590 1520 1632 Stanleius
1551 1590 1653 1631 citat

184 1664 377 1721 Sophocl.
415 1662 571 1703 Trach.
607 1674 705 1717 520.
748 1662 769 1702 ὁ
811 1662 853 1702 δὲ
894 1661 1090 1714 Βακχείας
1129 1660 1206 1701 ἀπὸ
1245 1659 1252 1715 Ι
1290 1659 1390 1710 ἦλθε
1429 1659 1652 1700 παλίντονα

184 1731 327 1783 Θήβας
351 1732 359 1787 Ι
384 1732 491 1781 τόξα,
534 1730 597 1771 καὶ
636 1730 801 1783 λόγχας,
834 1729 1015 1782 ῥόπαλόν
1054 1744 1098 1769 τε
1137 1727 1351 1775 τινάσσων,
1381 1726 1386 1782 Ι
1412 1730 1504 1770 παῖς
1540 1726 1651 1769 Διός.

186 1800 278 1856 (ubi
312 1813 455 1840 vocem
498 1798 634 1839 minus
673 1808 864 1839 accurate
904 1795 1085 1852 explicat
1118 1794 1426 1852 Musgravius.)
1463 1803 1505 1836 et
1542 1793 1653 1835 Attii

182 1870 334 1919 locum,
362 1868 557 1908 Tendens
587 1880 714 1907 nervo
745 1866 824 1907 tela
857 1866 1068 1921 reciproca
1094 1865 1270 1906 Concita
1300 1864 1456 1920 equi-no.
1519 1863 1654 1903 Nota-

184 1935 320 1977 verint
338 1934 491 1976 tirones
509 1934 634 1985 τόξα
626 1949 666 1974 in
688 1932 840 1990 plurali
862 1942 1023 1973 tantum
1046 1947 1128 1972 non
1149 1946 1311 1988 semper
1334 1930 1450 1987 apud
1478 1930 1656 1986 tragicos

185 2003 285 2060 poni
305 2003 358 2043 de
377 2018 476 2043 arcu
499 2001 710 2057 singulari.
745 2001 977 2041 BLOMF.

249 2073 342 2112 161.
386 2072 430 2112 ἐν
471 2070 588 2125 ἔργῳ]
630 2071 686 2110 In
724 2070 816 2125 ipso
854 2081 989 2124 opere.
1032 2066 1185 2122 Eurip.
1222 2039 1319 2122 Iph.
1357 2066 1412 2106 T.
1445 2079 1570 2120 1190.
1602 2064 1656 2106 ab

187 2138 420 2181 Abreschio
455 2137 619 2186 citatus,
660 2138 705 2178 ἐν
739 2136 840 2191 ἔργῳ
875 2135 1062 2189 χέρνιβες
1097 2135 1213 2191 ξίφος
1251 2151 1295 2175 τε
1330 2134 1417 2175 σόν.
1455 2133 1656 2190 Xenoph.

189 2209 289 2264 Cyr.
312 2218 352 2261 7.
383 2222 427 2263 p.
448 2219 542 2258 104.
574 2206 626 2248 ὡς
654 2203 685 2245 δ’
715 2203 862 2261 ᾔσθετο
893 2206 914 2245 ὁ
944 2202 1215 2257 Ἀρταφέρνης
1246 2203 1291 2243 ἐν
1321 2202 1423 2257 ἔργῳ
1454 2203 1552 2243 ὄντα
1587 2201 1658 2243 τὸν

190 2277 333 2327 Κῦρον,
357 2274 568 2315 ἐπιτίθεται
589 2271 653 2313 καὶ
673 2271 814 2314 αὐτός,
835 2271 1066 2312 BLOMF.
1100 2270 1244 2323 ἔνεργα
1266 2270 1403 2310 Turn.

252 2345 346 2398 163.
368 2341 543 2397 σχέὸιος]
564 2341 634 2383 Ad
648 2354 845 2398 pugnam
867 2341 1055 2381 cominus*
1070 2340 1304 2397 gerendam
1325 2340 1473 2386 utilz'33
1506 2353 1531 2379 a
1562 2337 1660 2392 σχέ-

192 2413 275 2461 δην.
308 2409 470 2451 Suidas.
492 2408 674 2462 Σχέδην;
708 2408 795 2449 ἀντὶ
823 2411 891 2448 τοῦ
916 2408 1122 2479 σύνεγγυς.
1153 2405 1226 2448 Ἐκ
1255 2406 1501 2458 τοξευμάτων
1533 2407 1658 2457 εβλα-

191 2493 350 2524 πτοντο,
387 2478 450 2518 καὶ
479 2478 546 2518 ὅτε
580 2476 731 2530 σχέδην
757 2475 1034 2529 συμφέροιντο.
1038 2469 1247 2528 -σχέδην
1279 2474 1342 2515 καὶ
1380 2474 1500 2526 ἐγγὺς
1532 2490 1661 2526 μαχο-

192 2543 313 2596 μένω.
374 2544 489 2584 Hinc
516 2543 706 2597 Σχέδιον;
739 2544 784 2584 τὸ
812 2544 904 2601 δόρυ
934 2542 954 2583 ὃ
975 2543 1028 2595 μὴ
1049 2544 1302 2591 ἀκοντίζεται.
1326 2541 1516 2597 Hesych.
1578 2539 1662 2581 Sed

194 2611 367 2668 propius
386 2611 439 2652 ad
461 2611 589 2652 nostri
611 2626 773 2652 sensum
802 2610 959 2652 accedit
987 2609 1066 2650 alia
1095 2608 1280 2665 ejusdem
1312 2607 1571 2664 grammatici
1600 2607 1663 2647 in-

194 2678 448 2735 terpretatio.
479 2678 793 2732 Σχέδια-ὅπλα
812 2680 862 2718 τὰ
883 2679 926 2718 ἐκ
941 2677 1074 2730 χειρὸς
1088 2675 1576 2729 τιτρώσκοντα.--Σχεδίη
1593 2690 1663 2715 :—

195 2746 240 2788 τὸ
262 2748 306 2788 ἐκ
324 2746 458 2800 χειρὸς
477 2745 646 2796 πατάξαι
672 2746 792 2788 οὕτως
810 2744 987 2797 λέγεται.
1049 2743 1240 2790 Photius,
1264 2743 1442 2796 Σχεδόν;
1475 2742 1664 2793 πλησίον.

195 2813 334 2858 πέλας.
364 2812 389 2866 ἢ
417 2814 460 2855 ἐκ
484 2813 628 2867 χειρός.
690 2811 1022 2867 Distinguuntur
1043 2810 1195 2851 scilicet
1214 2809 1294 2850 tela
1314 2808 1469 2864 quibus
1489 2807 1665 2858 eminus,

197 2882 251 2923 ab
270 2882 319 2923 iis
338 2881 493 2937 quibus
512 2879 698 2921 cominus
719 2887 946 2935 pugnatur.
969 2877 1079 2918 Ovid
1120 2878 1227 2917 Met.
1250 2890 1291 2932 3,
1312 2877 1404 2917 118.
1435 2876 1485 2916 de
1504 2874 1664 2928 fratri-

199 2949 275 2991 bus
294 2964 425 2991 mmm
445 2949 646 2990 Cominus
661 2946 902 3002 ensefirit;
920 2945 1072 3001 jaculo
1087 2945 1201 2986 cadit
1214 2946 1379 2986 eminus
1395 2945 1499 3001 ipse.
1532 2944 1665 2985 Recte
