1962 3224
399 191 484 232 518
867 193 1362 235 ANNOTATIONES

398 302 517 354 ticus,
539 303 738 356 σποράδην
766 304 991 346 introivisse
1019 305 1190 346 chorum
1217 305 1450 356 Furiarum,
1478 305 1503 346 i.
1525 320 1560 346 e.
1592 318 1671 345 non
1701 304 1834 354 certis,

399 378 446 410 ut
466 369 628 411 solitum
649 380 751 420 erat,
771 370 985 413 ordinibus
1002 371 1263 424 instructum,
1285 372 1356 413 sed
1383 371 1563 428 singulas
1587 371 1700 413 nullo
1724 381 1836 414 certo

397 434 562 477 ordine:
594 451 632 478 v.
654 438 884 479 Hermann.
903 452 946 494 p.
965 450 1056 492 134.

456 712 494 742 2.
523 699 608 750 Τὴν
636 701 901 752 πρωτόμαντιν
927 701 1069 756 Γαῖαν]
1092 700 1316 741 Pausanias
1335 712 1398 750 10,
1418 712 1461 754 5,
1482 714 1523 755 5.
1554 701 1654 753 φασὶ
1683 703 1758 754 γὰρ
1788 702 1833 753 δὴ

396 769 445 808 τὰ
478 767 716 819 ἀρχαιότατα
744 770 818 817 Γῆς
847 767 947 808 εἶναι
975 767 1019 807 τὸ
1048 765 1296 819 χρηστήριον,
1327 767 1389 807 καὶ
1417 766 1585 819 Δάφνην
1606 767 1830 824 [Δάφνιδα]

398 831 456 873 ἐπ’
479 833 578 887 αὐτῷ
608 832 792 886 τετάχθαι
820 834 1034 885 πρόμαντιν
1058 832 1132 873 ὑπὸ
1160 825 1228 883 τῆς·
1245 836 1275 872 Γ
1275 835 1332 883 ἣς.
1356 832 1490 873 Schol.
1510 843 1659 889 noster,
1682 836 1834 875 Μελαί-

396 915 463 950 νης
491 899 533 939 δὲ
564 899 626 939 καὶ
655 901 915 946 Ποσειδῶνος,
946 900 1118 950 Δελφός·
1155 897 1222 950 ἀφ’
1251 899 1296 939 οὗ
1326 900 1363 939 ol
1389 900 1557 951 Δελφοί.
1593 899 1833 941 Scholiastes

398 964 684 1020 Lycophronis
704 967 799 1019 767.
820 966 937 1006 ἄλλοι
957 965 1000 1006 δέ
1024 971 1125 1017 φασι
1147 965 1330 1017 Δελφοὺς
1356 967 1542 1016 κληθῆναι
1568 965 1644 1006 ἀπὸ
1667 966 1832 1019 Δέλφου

395 1032 479 1071 υἱοῦ
498 1035 747 1074 Ποσειδῶνος
768 1033 830 1073 καὶ
852 1031 1086 1075 Μελάνθους
1104 1033 1170 1083 τῆς
1190 1032 1463 1074 Δευκαλίωνος
1483 1033 1682 1084 θυγατρός.
1722 1034 1831 1083 Quin

395 1096 488 1138 vide
517 1112 612 1152 quae
644 1097 697 1138 ad
728 1114 767 1139 v.
795 1099 856 1139 16.
892 1098 1087 1139 dicemus.
1146 1099 1240 1148 Qua
1271 1098 1426 1139 ratione
1457 1098 1609 1139 oraculi
1642 1100 1832 1155 Delphici

395 1162 555 1204 initium
585 1165 728 1205 Terrae
757 1164 882 1205 fuerit
909 1164 1169 1214 attributum,
1191 1179 1239 1205 ex
1263 1163 1385 1205 Diod.
1407 1164 1545 1205 Siculo
1564 1166 1628 1215 16,
1652 1175 1719 1220 25.
1739 1181 1834 1207 con-

387 1229 514 1284 jicere
535 1239 609 1279 est,
631 1230 702 1271 ubi
723 1245 806 1286 qua
825 1231 1031 1272 occasione
1051 1231 1261 1273 inventum
1283 1241 1344 1272 est
1362 1232 1499 1273 refert.
1559 1233 1665 1274 Erat
1685 1233 1834 1275 scilicet

394 1296 584 1351 primitus
604 1306 722 1338 terrae
749 1297 899 1347 hiatus,
921 1298 987 1338 cui
1014 1298 1087 1354 qui
1109 1298 1498 1354 appropinquabant
1527 1298 1666 1340 divino
1694 1300 1833 1341 furore

393 1363 731 1418 corripiebantur,
754 1364 799 1405 δι’
822 1365 867 1407 ἃς
893 1366 1014 1408 αἰτίας
1044 1367 1312 1416 θαυμασθῆναι
1341 1366 1428 1406 τότε
1464 1364 1527 1420 [τε
1558 1365 1618 1420 τὸ]
1649 1371 1834 1418 μαντεῖον

395 1430 457 1470 καὶ
478 1434 708 1482 νομισθῆναι
726 1433 791 1482 τῆς
812 1435 842 1471 Γ
842 1434 887 1482 ἣς
907 1431 1007 1473 εἶναι
1026 1431 1069 1474 τὸ
1089 1431 1335 1485 χρηστήριον.
1368 1433 1500 1472 Porro
1518 1447 1613 1487 quae
1634 1433 1834 1490 AEschylo

393 1498 656 1548 πρωτόμαντις
685 1501 790 1549 γαῖα,
823 1497 998 1553 Virgilio
1024 1497 1156 1553 prima
1187 1497 1333 1538 Tellus
1362 1497 1526 1548 dicitur,
1555 1500 1655 1539 AEn.
1676 1513 1718 1550 4,
1743 1502 1832 1541 166.

396 1564 548 1603 Verum
578 1563 690 1618 quod
718 1563 944 1619 AEschylus
974 1565 1133 1614 Terrae,
1161 1564 1201 1604 id
1233 1574 1376 1605 auctor
1404 1566 1632 1620 argumenti
1659 1566 1831 1622 Pythio-

394 1644 486 1670 rum
519 1629 686 1670 Pindari
717 1630 840 1671 Nocti
871 1630 1039 1671 tribuit:
1073 1630 1156 1671 εἶτα
1186 1631 1342 1684 ἔρχεται
1369 1631 1556 1687 (Apollo)
1582 1633 1645 1673 ἐπὶ
1663 1633 1707 1673 τὸ
1733 1650 1831 1684 μαν-

393 1701 511 1743 τεῖον,
535 1697 578 1737 ἐν
598 1695 628 1751 ᾧ
647 1697 776 1749 πρώτη
798 1695 886 1746 Νὺξ
912 1695 1227 1751 ἑχρησμῴδησεν,
1251 1697 1334 1757 εἶτα
1357 1697 1493 1749 Θέμις.
1553 1698 1671 1739 Idem
1696 1706 1830 1740 tamen

393 1772 486 1819 post
511 1777 655 1818 pauca,
685 1764 862 1818 μητρῷον
892 1765 948 1813 δὲ,
976 1764 1035 1804 ὅτι
1059 1766 1134 1814 Γῆς
1164 1765 1248 1805 ε’στι
1277 1764 1320 1805 τὸ
1349 1769 1546 1816 μαντεῖον.
1578 1766 1754 1806 Tzetzes
1778 1766 1832 1807 ad

395 1829 606 1885 Lycophr.
629 1842 724 1871 202.
749 1829 868 1870 etiam
900 1831 1080 1871 Saturno
1104 1830 1271 1871 tribuit:
1303 1831 1347 1871 τὸ
1378 1833 1423 1872 ἐν
1443 1835 1621 1885 Δελφοῖς
1647 1837 1833 1883 μαντεῖον

393 1898 583 1950 πρότερον
601 1901 670 1938 τοῦ
691 1898 854 1949 Κρόνου.
893 1898 1022 1938 Hunc
1038 1897 1226 1953 AEschyli
1245 1897 1378 1939 locum
1400 1898 1578 1954 respexit
1599 1899 1832 1955 Harpocra-

394 1965 478 2005 tion
498 1963 539 2004 in
563 1979 658 2005 voce
679 1965 950 2015 Θεμιστεύειν·
982 1965 1042 2004 ὅτι
1071 1965 1113 2005 δὲ
1143 1964 1285 2017 γέγονε
1312 1965 1356 2005 τὸ
1378 1966 1502 2017 ὄνομα
1521 1967 1597 2007 ἀπὸ
1617 1970 1684 2007 τοΰ
1705 1966 1833 2019 Θέμιν

394 2030 605 2084 ἐσχηκέναι
633 2031 728 2071 ποτὲ
757 2029 801 2070 τὸ
830 2034 1015 2082 μαντεῖον
1043 2030 1117 2082 πρὸ
1147 2033 1214 2071 τοῦ
1241 2031 1366 2082 ἡλίου,
1389 2033 1590 2085 Αἰσχύλος
1617 2033 1834 2086 ἀρχόμενος

393 2102 470 2139 τῶν
504 2098 727 2149 Εὐμενίδων
760 2098 872 2149 φησί.
932 2097 1015 2138 Pro
1055 2098 1167 2148 ἡλίου
1207 2097 1371 2153 legerim
1408 2100 1571 2150 Φοίβου.
1611 2100 1830 2142 STANL.

395 2166 489 2206 Imo
505 2164 770 2214 Ἀπόλλωνος,
791 2162 903 2218 quod
924 2177 1034 2204 nunc
1054 2178 1104 2204 ex
1125 2163 1263 2204 codice
1283 2164 1530 2205 restitutum.

392 2243 394 2245 '
451 2231 595 2286 Θέμιν]
626 2230 838 2272 Diodorus
866 2242 909 2283 5,
940 2231 1006 2282 67.
1039 2229 1166 2281 Θέμιν
1195 2231 1237 2271 δὲ
1265 2234 1531 2283 μυθολογοῦσι
1557 2232 1741 2282 μαντείας
1771 2233 1833 2273 καὶ

393 2299 530 2341 θυσίας
568 2299 631 2339 καὶ
664 2297 833 2348 θεσμοὺς
866 2296 953 2338 τοὺς
984 2296 1071 2348 περὶ
1105 2299 1181 2336 τῶν
1214 2299 1313 2337 θεῶν
1346 2297 1500 2348 πρώτην
1534 2297 1830 2350 εἰσηγήσασθαι.

393 2364 638 2420 Apollodor.
658 2377 695 2414 1,
715 2375 756 2414 4.
775 2361 987 2403 Ἀπόλλων
1007 2363 1049 2402 δὲ
1074 2361 1144 2412 τὴν
1167 2362 1354 2413 μαντικὴν
1378 2364 1513 2414 μαθὼν
1531 2365 1636 2416 παρὰ
1661 2367 1729 2404 τοῦ
1746 2368 1831 2405 Πα-

393 2431 461 2474 νὸς
481 2435 548 2471 τοῦ
570 2430 664 2473 Διὸς
683 2430 746 2470 καὶ
767 2430 994 2481 Θύμβρεως,
1015 2428 1109 2480 ἧκεν
1132 2430 1187 2471 εἷς
1203 2429 1400 2482 Δελφοὺς,
1422 2431 1725 2484 χρησμῳδούσης
1743 2431 1832 2472 τότε

394 2496 578 2549 Θέμιδος.
629 2496 742 2537 Hinc
760 2495 833 2536 lux
855 2494 1079 2550 Hesychio‚
1103 2494 1290 2546 Θέμησις·
1322 2497 1544 2547 δικαιοσύνη
1564 2498 1669 2548 παρὰ
1690 2498 1830 2551 Πυθίᾳ.

394 2565 495 2605 Huc
515 2563 636 2605 etiam
661 2571 815 2619 spectat
835 2562 947 2618 quod
969 2561 1117 2603 heroici
1145 2561 1334 2603 carminis
1359 2562 1520 2603 initium
1547 2562 1583 2603 ei
1613 2562 1829 2604 tribuatur.

394 2630 524 2672 Clem.
553 2629 671 2670 Alex.
696 2630 844 2683 Strom.
863 2642 896 2670 1.
920 2643 961 2684 p.
986 2629 1081 2671 226.
1096 2627 1187 2669 Ἔτι
1206 2628 1308 2681 φασὶ
1333 2628 1377 2669 τὸ
1400 2629 1527 2683 ἡρῷον
1551 2628 1594 2668 τὸ
1625 2628 1832 2682 ἑξάμετρον

393 2695 602 2736 Φανοθέαν
621 2695 692 2746 τὴν
710 2698 874 2748 γυναῖκα
895 2694 1074 2747 Ἰκαρίου,
1097 2695 1134 2735 οἱ
1162 2695 1205 2735 δὲ
1235 2693 1364 2745 Θέμιν
1391 2695 1484 2746 μίαν
1513 2698 1589 2735 τῶν
1617 2696 1832 2736 Τιτανίδων

394 2763 531 2815 εὑρεῖν.
565 2761 768 2802 Themist.
791 2762 905 2802 Orat.
925 2773 991 2813 24.
1011 2775 1052 2816 p.
1068 2773 1124 2815 30
1125 2770 1165 2815 5.
1190 2762 1240 2801 Αἱ
1260 2759 1424 2813 Χάριτες
1445 2759 1506 2801 καὶ
1526 2764 1717 2812 φοιτῶσαι
1737 2761 1831 2812 πρὸς

392 2828 463 2880 τὴν
483 2828 622 2880 Θέμιν,
642 2829 747 2869 οὔπω
766 2829 841 2880 γὰρ
863 2826 946 2880 εἶχε
968 2827 1152 2880 Δελφοὺς
1169 2826 1390 2868 Ἀπόλλων.
1428 2827 1645 2869 STANL.
1705 2826 1828 2868 Conf.

391 2903 531 2936 annot.
550 2893 603 2935 ad
626 2893 835 2935 Prometh.
861 2906 956 2947 209.
