1962 3224
549 169 637 209 AD
670 168 1207 210 AGAMEMNONEM.
1528 170 1610 213 371

206 279 418 335 θάμάρτια]
452 282 549 322 Hoc
580 280 798 331 vocabulo,
820 281 933 337 quod
962 296 1036 337 per
1059 281 1206 332 μισθὸν
1236 283 1302 331 τῆς
1331 281 1514 333 τιμωρίας
1541 295 1611 321 ex-

147 346 271 403 plicat
293 347 522 398 scholiasta,
545 348 678 390 utitur
699 349 814 390 Pers.
832 349 928 403 676.

205 417 304 471 538.
336 417 482 458 Partes
511 433 615 473 quas
644 418 684 458 in
716 417 794 459 hac
827 417 1062 471 στιχομυθία
1093 415 1245 457 chorus
1270 415 1391 471 gerit,
1427 415 1469 456 in
1503 414 1616 456 libris

150 483 359 524 veteribus
381 485 711 542 Clytaemnestrae
731 485 1015 541 adsignantur.
1079 486 1283 526 Personas
1303 483 1463 541 primus
1479 494 1614 525 muta-

150 550 210 592 vit
231 552 452 594 Heathius.
487 554 619 597 Recte
635 568 728 595 eum
751 553 894 595 fecisse
914 568 965 593 ex
986 568 1024 593 v.
1041 553 1140 608 583.
1164 552 1334 608 patebit.
1369 552 1601 593 BLOMF.

207 619 338 675 κήρυξ]
367 621 510 663 Scribe
530 625 657 674 κῆρυξ.

205 700 305 742 539.
337 687 543 744 τεθνᾶναι]
576 689 820 731 Notandum
844 693 1032 731 τεθνᾶναι
1052 688 1211 746 syllaba
1230 689 1367 731 media
1387 690 1615 746 producta:

150 770 243 797 nam
266 756 450 813 legitima
468 757 602 798 forma
622 757 808 799 τεθνάναι
827 767 902 799 est.

208 824 260 866 ἔτ’
281 840 362 866 om.
388 826 454 866 Fl.

207 904 303 947 542.
325 893 410 948 ἦτε]
431 895 519 935 ἴστε
541 893 605 935 Fl.
659 895 848 935 Numero
878 893 1028 950 plurali
1059 894 1192 935 utitur
1213 895 1440 937 exercitum
1474 895 1623 938 iutelli-

149 975 264 1016 genS.
300 961 352 1002 In
373 962 455 1003 fine
476 977 618 1003 versus
638 972 840 1018 punctum
859 977 945 1003 esse
960 962 1200 1019 ponendum
1220 964 1382 1006 monuit
1396 964 1621 1006 Heathius.

209 1042 309 1084 543.
332 1034 413 1074 πῶς
433 1030 502 1082 δή;
536 1031 735 1084 διδαχθεὶς
753 1034 867 1071 τοῦδε
887 1029 1073 1072 δεσπόσω
1094 1029 1254 1086 λόγου]
1279 1031 1346 1073 Sic
1367 1042 1477 1074 recte
1496 1032 1622 1074 inter-

153 1097 305 1153 punxit
327 1097 561 1139 Schutzius.
614 1098 767 1154 Vulgo,
791 1103 885 1142 Πῶς
912 1099 958 1150 δὴ
980 1100 1178 1153 διδαχθεὶς
1204 1103 1319 1141 τοῦδε
1339 1099 1524 1142 δεσπόσω
1554 1100 1623 1142 λό-

151 1183 226 1220 γου
239 1182 252 1217 3
285 1166 468 1206 Eumen.
505 1178 599 1207 201.
634 1170 728 1209 Πῶς
760 1167 806 1217 δή
819 1183 830 1214 ;
879 1170 1072 1207 τοσοῦτον
1112 1169 1233 1218 μῆκος
1275 1168 1451 1209 ἔκτεινον
1484 1167 1621 1222 λόγου.

150 1234 250 1288 598.
275 1237 367 1277 Πῶς
387 1233 458 1285 δή;
486 1235 644 1285 δίδαξον
673 1234 761 1277 τοὺς
782 1233 1008 1283 δικάζοντας
1037 1232 1143 1275 τάδε.
1196 1234 1348 1291 Eurip.
1374 1235 1473 1277 Hel.
1500 1238 1621 1278 1262.

152 1306 247 1345 Πῶς
268 1301 339 1354 δή;
371 1301 583 1354 λέλειμμαι
612 1305 690 1343 τῶν
721 1303 766 1343 ἐν
786 1299 992 1352 ’Έλλησιν
1014 1300 1157 1354 νόμων.
1191 1302 1426 1345 BLOMF.
1488 1305 1624 1346 Inter-

151 1369 425 1427 pungendum
449 1380 495 1411 ut
518 1369 765 1411 Schuetzius
785 1369 896 1410 fecit.

208 1449 309 1494 544.
329 1438 623 1494 πεπληγμένος]
657 1438 928 1480 Scribendum
951 1438 1225 1492 πεπληγμένοι
1250 1454 1345 1481 cum
1366 1440 1622 1497 Tyrwhitto,

153 1507 227 1563 qui
249 1516 358 1548 recte
379 1507 503 1548 sensit
522 1507 661 1564 aptius
680 1506 757 1548 hoc
777 1506 829 1548 ad
852 1506 1089 1563 praecedens
1110 1507 1306 1560 ἐπήβολοι
1331 1508 1475 1549 referri
1497 1525 1623 1565 quam

152 1574 207 1617 ad
229 1576 428 1617 δεσπόσω.

212 1654 311 1700 545.
362 1644 413 1685 In
459 1644 540 1686 fine
585 1660 726 1686 versus
774 1644 1057 1700 interrogandi
1109 1644 1273 1702 signum
1325 1657 1435 1688 recte
1486 1647 1626 1704 posuit

155 1711 378 1753 Heathius.

211 1782 309 1836 546.
330 1781 372 1833 μ’
392 1780 560 1823 accessit
579 1797 631 1822 ex
651 1797 783 1838 marg.
806 1781 993 1824 Askevii.

212 1850 388 1902 ἀμαυρᾶς
408 1850 451 1890 ἐκ
471 1849 637 1905 φρενός]
666 1851 826 1892 Tacite.
858 1850 982 1892 Conf.
1006 1850 1197 1907 Choeph.
1220 1865 1236 1892 1
1242 1864 1267 1906 5
1270 1862 1311 1907 5.
1346 1853 1570 1894 STANL.

212 1927 311 1971 547.
342 1918 516 1972 στρατῷ]
548 1917 822 1959 Scribendum
855 1920 1022 1962 videtur
1052 1925 1223 1975 φρενῶν.
1254 1938 1351 1978 quae
1381 1938 1459 1964 vox
1491 1938 1623 1978 quum

154 1984 304 2027 omissa
323 1994 441 2036 esset,
463 2001 486 2026 e
514 1985 652 2042 priore
678 1988 883 2028 exercitus
913 1989 1123 2030 mentione
1152 2004 1300 2045 parum
1329 2000 1450 2032 caute
1471 1993 1625 2046 στρατῷ

155 2052 368 2110 supplevit
397 2052 600 2095 librarius.
651 2055 985 2099 EMPERIUS
1010 2057 1052 2098 in
1075 2057 1402 2100 Zimmermanni
1423 2059 1571 2101 Diario
1587 2075 1624 2101 a.

162 2121 286 2178 1835.
308 2138 349 2179 p.
367 2124 464 2176 627.

214 2200 312 2246 549.
335 2191 399 2233 καὶ
418 2191 518 2248 πῶς]
545 2191 819 2233 scribendum
843 2195 909 2234 καί
925 2210 1006 2237 πως
1026 2208 1120 2234 cum
1146 2194 1385 2236 Klausenio.

215 2258 406 2312 κοιράνων
426 2260 482 2301 Τ.
512 2259 713 2313 τυράννων
734 2260 874 2317 vulgo.

214 2336 313 2381 550.
334 2327 489 2371 ὦς--τὸ
510 2328 715 2370 Auratus.
746 2329 930 2371 ὧν-τὸν
949 2329 1057 2371 libri.

215 2393 260 2434 τὸ
281 2395 391 2452 σόν.]
417 2396 538 2444 Quod
556 2402 602 2437 tu
629 2397 746 2438 modo
765 2399 927 2440 dixisti.
971 2398 1096 2440 Plato
1118 2398 1302 2454 Sophist.
1324 2415 1365 2457 p.
1391 2414 1486 2457 233.
1510 2402 1560 2441 B.
1583 2402 1626 2442 τὸ

158 2461 234 2503 σὸν
265 2463 310 2514 δὴ
337 2467 463 2512 τοῦτο,
486 2467 617 2518 σχολῇ
646 2464 730 2506 ποτ’
754 2465 804 2507 ἂν
835 2484 868 2507 κ.
889 2483 923 2508 τ.
944 2472 984 2508 λ.
1033 2467 1227 2524 Sophocl.
1255 2468 1326 2523 Aj.
1349 2483 1416 2524 99.
1440 2472 1628 2510 τεθνᾶσιν

159 2529 313 2583 ἄνδρες,
334 2532 385 2574 ὥς
403 2531 447 2572 τὸ
468 2532 545 2574 σὸν
564 2532 691 2585 ξυνῆκ’
715 2535 807 2587 ἐγώ.
849 2535 981 2575 Recte
1001 2534 1234 2584 scholiasta,
1256 2536 1301 2576 τὸ
1325 2536 1531 2589 εἰρημένον
1550 2537 1627 2578 ὑπὸ

160 2600 247 2645 σοῦ,
269 2597 328 2646 τὸ,
350 2602 536 2641 τεθνᾶναι
555 2599 586 2641 δ’
609 2601 678 2642 οὗκ
700 2601 752 2642 ἔτ’
774 2603 923 2655 ἆντερῶ
944 2605 1058 2646 θεοῖς.
1092 2603 1326 2645 BLOMF.

215 2675 315 2720 552.
337 2666 387 2707 ἂν
406 2667 609 2709 Auratus.
645 2669 687 2710 εὖ
706 2668 813 2710 libri.

217 2735 317 2788 556.
337 2735 541 2793 παρήξεις]
564 2736 762 2778 Accessus
782 2736 834 2778 ad
857 2746 1022 2778 terram.
1077 2737 1225 2778 Minus
1254 2749 1364 2780 recte
1395 2738 1626 2788 scholiasta,

161 2801 249 2842 ἀντὶ
268 2805 337 2843 τοῦ
358 2806 609 2856 παραδρομᾶς
629 2805 693 2846 ἐπὶ
713 2808 781 2846 τοῦ
802 2806 1130 2858 καταστρώματος
1150 2809 1228 2847 τῶν
1249 2810 1360 2847 νεῶν.

218 2872 523 2927 κακοστρώτους]
547 2874 811 2926 κακοτρώτους
832 2872 898 2913 Fl.
922 2872 1065 2929 Steph.

831 2954 855 2996 3
880 2956 910 2981 A
935 2952 957 2982 2
