1962 3224
581 193 671 234 AD
702 190 1037 233 AGAMEMN
1041 189 1125 231 ΟΝ
1129 189 1241 230 ΕΜ.
1564 184 1647 227 417

178 319 226 346 ac
261 302 454 346 Stanleio.
516 301 700 344 Verbum
733 299 1040 342 substantivum
1071 297 1278 341 adverbiis
1309 295 1518 338 interdum
1543 296 1645 352 jun-

178 371 304 428 gitur.
328 369 520 427 Sophocl.
541 369 692 426 Antig.
714 370 811 426 637.
845 369 932 421 ἐμοὶ
957 370 1034 422 γὰρ
1065 367 1192 410 οὐδεὶς
1219 367 1336 418 ἀξίως
1366 364 1479 407 ἔσται
1507 362 1647 417 γάμος.

180 439 276 481 Vid.
311 438 504 481 Schaefer.
536 439 590 481 ad
621 438 798 495 Dionys.
823 437 926 478 Hal.
948 451 990 492 p.
1019 436 1088 490 76.
1110 436 1163 477 F.
1184 436 1240 476 A.
1282 431 1469 475 Wolfius
1487 431 1540 473 ad
1562 432 1649 473 De-

178 506 329 549 mosth.
361 506 530 563 Leptin.
562 522 604 563 p.
635 516 734 560 217.
763 504 913 561 accipit
942 504 992 556 ἤν
1021 504 1253 557 πρεπόντων
1286 517 1364 559 pro
1397 501 1448 554 ἣν
1481 499 1649 554 πρέπον.

181 575 265 618 Sed
292 575 334 616 in
365 575 597 617 istiusmodi
627 572 1063 617 circumlocutionibus
1092 571 1262 629 ponitur
1297 569 1512 619 articulus,
1544 568 1651 610 siout

179 644 223 686 in
243 643 442 700 exemplis
460 659 486 685 a
506 643 666 685 Wolfio
685 641 870 700 prolatis.
932 642 1018 682 Pro
1045 639 1136 681 ὥστ’
1158 640 1298 681 forsan
1326 638 1550 696 legendum
1573 637 1650 679 ὧδ’.

184 713 414 755 BLOMF.

244 783 368 838 1396.
388 780 487 836 τάδ’]
512 778 786 822 Scribendum
807 777 895 834 τῷδ’
917 792 1012 819 eum
1034 776 1286 835 Tyrwhitto.

241 850 344 891 Post
363 849 412 901 ἦν
432 863 608 899 comma,
630 857 725 905 post
743 849 818 901 μὲν
838 848 909 889 οὗν
929 856 1133 904 punctum
1158 861 1244 887 esse
1269 842 1511 902 ponendum
1542 849 1655 883 recte

185 917 348 959 monuit
370 916 646 974 Tyrwhittus.

242 985 470 1041 ὑπερδίκως]
491 986 640 1042 Supra
659 985 966 1041 modumjuste.
1030 983 1196 1039 Optimo
1201 982 1323 1038 jure.
1365 979 1557 1036 Sophocl.
1580 978 1655 1034 Aj.

191 1054 315 1096 1108.
346 1056 395 1096 τᾶ
425 1056 580 1107 σκληρὰ
608 1053 685 1107 γάρ
711 1070 783 1103 τοι,
808 1052 880 1094 κᾶν
899 1049 1069 1104 ὑπέρδικ’
1092 1048 1129 1107 ᾗ,
1153 1049 1298 1092 δάκνει.
1332 1047 1503 1090 Pindar.
1525 1046 1655 1104 Pyth.

194 1135 258 1173 10,
282 1124 351 1176 67.
374 1112 583 1176 ὑπέρδικον
603 1121 798 1174 Νέμεσιν.
829 1120 1064 1162 BLOMF.

250 1201 373 1247 1397.
393 1190 583 1246 τοσῶνδε]
605 1188 774 1231 τοσόνδε
794 1187 1079 1230 Blomfieldus.

251 1272 372 1313 1401.
393 1276 468 1312 μου
487 1273 570 1300 om.
592 1258 697 1299 Ven.

253 1328 376 1380 1406.
399 1326 564 1382 δικαίας]
587 1327 743 1370 δικαίως
765 1326 820 1366 Τ.

253 1405 502 1450 1407-141
513 1408 530 1436 1
543 1414 585 1432 =
599 1395 895 1449 1426—1430.

254 1474 376 1518 1407.
399 1461 578 1514 ἐδανὸνῆ
598 1462 739 1518 ποτὸν]
762 1460 855 1503 Vid.
877 1460 931 1502 ad
953 1459 1168 1501 Prometh.
1190 1470 1288 1515 479.

253 1529 377 1583 1408.
396 1530 512 1582 ῥυτᾶς
534 1527 755 1570 Stanleius.
816 1526 1059 1584 Legebatur
1078 1528 1212 1580 ῥυο-ἃς.

249 1599 419 1652 ὄρμενον
438 1596 708 1639 Abreschius.
742 1597 943 1650 ὁρώμενον
962 1594 1072 1637 libri.

254 1680 379 1721 1409.
402 1665 564 1720 ἐπέθου]
590 1667 756 1708 ἐπεύθου
778 1666 833 1706 Τ.
855 1679 952 1707 cum
972 1663 1027 1721 gl.
1051 1663 1209 1717 ἔμαθες.

258 1752 381 1791 1410.
404 1731 602 1790 ἀπέτᾶμες
623 1738 692 1780 Fl.
724 1730 917 1791 ἀπέτῖμες
939 1739 997 1779 Τ.

254 1806 449 1850 ἀπόπολις
470 1806 679 1848 Seidlerus
699 1806 752 1848 de
774 1822 877 1848 vers.
898 1805 1063 1848 dochm.
1084 1820 1128 1862 p.
1152 1817 1246 1859 172.
1276 1805 1419 1847 ἄπολις
1439 1802 1545 1845 libri.

254 1875 356 1930 ἔσει]
379 1875 452 1931 ἔσῃ
470 1874 580 1916 libri.

259 1955 382 1995 1411.
404 1943 588 1998 ὄβριμον]
610 1944 806 1997 ὄμβριμον
828 1945 883 1985 Τ.

261 2023 383 2063 1414.
401 2009 500 2065 τόδ’]
527 2011 800 2053 Scribendum
822 2010 898 2053 τότ’
921 2026 1016 2053 oum
1038 2011 1096 2053 Is.
1110 2009 1266 2052 Vossio.

262 2079 385 2131 1416.
414 2078 567 2135 μήλων]
591 2081 730 2131 Verte,
752 2081 900 2122 ovibus
919 2080 1232 2122 abwndantibus
1252 2079 1299 2119 in
1315 2078 1530 2135 gregibus
1550 2076 1668 2118 velle-

202 2148 321 2189 ribus
341 2148 439 2188 bene
459 2148 690 2190 instructis.
723 2150 971 2190 HEATH.

263 2215 384 2268 1418.
418 2217 602 2269 Θρῃκίων
626 2217 826 2273 ἀημάτων]
850 2218 901 2258 In
925 2216 1098 2258 Aulide.
1130 2215 1313 2268 ἀημάτων
1335 2213 1504 2256 canteri
1531 2227 1669 2255 emen-

201 2283 315 2325 datio
334 2292 408 2326 est.
441 2285 698 2338 τελημμάτων
718 2284 825 2327 libri.

263 2365 386 2407 1419.
407 2355 508 2406 χρῆν
529 2355 753 2395 Porsonus.
785 2353 860 2408 χρή
881 2352 990 2394 libri.

264 2433 387 2472 1420.
409 2421 661 2477 μιασμάτων]
683 2421 920 2474 βιασμάτων
942 2422 1044 2462 Ven.

263 2501 387 2540 1421.
409 2490 511 2530 Post
530 2489 643 2531 hunc
663 2505 829 2531 versum
850 2489 1052 2531 nonnulla
1071 2488 1329 2530 exciderunt.

267 2567 391 2611 1425.
411 2557 574 2613 γνώσει]
595 2559 731 2611 γνώσῃ
750 2557 859 2599 libri.

267 2627 390 2676 1426.
429 2626 644 2678 περίφρων,
681 2626 911 2683 Superbus.
947 2626 1190 2682 Arrogans.
1244 2622 1392 2680 Suppl.
1431 2632 1529 2677 754.
1564 2622 1672 2674 περί-

207 2698 354 2747 φρονες
381 2691 411 2734 δ’
434 2693 538 2746 ἄγαν
557 2693 698 2749 ἀνιέρῳ
722 2694 846 2746 μένει.
906 2693 1024 2734 Alias
1044 2709 1142 2734 vero
1165 2691 1272 2734 valet
1299 2690 1671 2748 prudentissimus,

206 2771 256 2803 ut
275 2776 385 2818 saepe
404 2761 518 2817 apud
542 2762 791 2802 Homerum.
824 2762 1056 2802 BLOMF.

270 2830 392 2881 1428.
423 2829 556 2884 λίπος]
587 2832 703 2872 λῖπος
734 2828 881 2885 Steph.
943 2827 1217 2869 Scribendum
1247 2827 1367 2878 λίβος
1396 2840 1490 2867 cum
1514 2826 1670 2867 Casau-

206 2898 329 2940 bono.
363 2902 392 2922 “
415 2898 533 2950 λίβος
554 2895 743 2938 Galenus
775 2895 946 2953 exponit
975 2895 1089 2952 apud
1117 2894 1321 2952 Hippocr.
1347 2893 1389 2935 in
1418 2894 1556 2949 Exeg.
1589 2893 1672 2934 ἐπί-

211 2965 370 3021 σταγμά
389 2983 426 3008 τι
445 2969 522 3008 τῶν
542 2964 726 3018 ὀμμάτων
747 2962 1209 3020 ἐγχυματιζόμενον-υῐ
1229 2962 1282 3005 sit
1296 2962 1414 3014 λίβος
1428 2960 1537 3004 idem
1559 2959 1674 3017 quod
1754 2960 1757 2965 ’

906 3045 984 3088 3G
