1962 3224
370 190 455 233 604
846 195 933 236 AN
937 195 1339 237 NOTATIONES

371 312 493 345 certa.
525 306 780 357 γεραφρόνων
799 305 957 347 codices
977 316 1017 348 et
1037 306 1139 348 Ald.
1161 307 1270 348 Rob.
1294 306 1420 360 γέρων
1440 305 1495 346 ὢν
1512 306 1646 346 Turn.
1665 304 1806 360 Steph.

373 371 475 411 Post
494 372 741 424 γεραιόφρων
759 371 909 413 excidit
929 372 1060 423 colon,
1082 383 1189 414 recte
1208 372 1394 414 additum
1414 387 1438 412 a
1462 371 1676 428 Burgesio.

427 438 525 491 362.
576 438 792 492 αἰδόμενος]
837 440 1060 490 αἰδούμενος
1103 439 1203 480 Ald.
1244 439 1355 480 Rob.
1397 440 1533 480 Turn.
1610 437 1809 479 Deleatur

374 518 546 545 comma.

429 571 548 622 οὗπερ
572 569 691 611 lectio
714 569 957 626 interpolata
984 573 1117 612 Turn.
1148 580 1189 613 et
1219 571 1360 627 Steph.
1390 572 1459 612 οὖν
1484 588 1556 623 περ
1584 570 1743 611 codices
1771 578 1812 610 et

374 635 478 676 Ald.
511 636 619 677 Rob.
655 637 700 677 οὐ
734 642 848 678 πενεῖ
875 637 1052 679 restituit
1088 640 1352 679 Hermannus
1385 637 1544 692 praefat.
1576 636 1629 677 ad
1663 636 1810 691 Eurip.

376 702 466 742 Ion.
489 717 529 757 p.
552 702 634 742 xiv.
656 718 706 743 ex
726 704 988 745 annotatione
1008 704 1231 745 scholiastae
1251 705 1296 745 οὐ
1314 704 1562 757 πτωχεύσεις.

431 769 527 822 363.
559 767 744 822 λήμματ’]
775 768 911 820 λήματ’
935 769 1034 809 Ald.
1058 769 1167 809 Rob.
1227 769 1410 808 Lacunae
1440 766 1554 822 signa
1582 776 1675 823 post
1704 767 1813 807 hunc

375 849 538 874 versum
561 843 787 889 posuerunt
806 834 981 875 editores
1000 834 1254 875 recentiores.

432 901 528 954 367.
548 898 750 954 μελέσθω]
771 900 977 951 μελέσθων
1000 900 1138 942 Guelf.
1160 900 1260 941 Ald.

434 967 634 1022 ἐκπονεῖν]
659 967 838 1007 ἐκπνοεῖν
859 967 922 1006 Μ.
945 966 1045 1008 Ald.
1068 966 1175 1007 Rob.
1208 968 1262 1009 εἷς
1279 969 1416 1007 πνοεῖν
1436 966 1530 1006 Par.
1554 964 1695 1006 Guelf.

431 1034 529 1089 368.
551 1033 672 1086 πάρος
693 1034 801 1074 Rob.
822 1049 871 1075 ex
893 1034 1126 1090 conjectura
1145 1042 1186 1075 et
1207 1035 1344 1074 Turn.
1368 1032 1510 1088 Steph.
1540 1049 1734 1085 παρακρος
1752 1032 1814 1074 vel

376 1099 464 1152 παρ’
487 1101 602 1153 ἄκρος
621 1100 780 1141 codices
799 1110 840 1142 et
861 1100 960 1141 Ald.

434 1168 531 1221 369.
564 1167 902 1224 ἀστῶν-τοῖσδε]
938 1166 1207 1208 Scribendum
1237 1167 1545 1209 ἀστοῖς-τῶνδε
1573 1180 1667 1207 cum
1699 1166 1816 1206 Stan-

379 1237 467 1279 leio.
499 1241 619 1279 τῶνδε
638 1238 759 1279 etiam
783 1238 976 1294 Scaliger.

437 1305 641 1360 κοινώσας]
664 1306 832 1346 κοινώσα
853 1306 917 1346 Μ.
949 1309 1131 1346 κοινῶσαι
1152 1306 1246 1346 Par.

437 1382 663 1427 370—-375
674 1372 776 1427 :38
788 1372 961 1427 1-386,

436 1449 533 1493 372.
563 1439 685 1489 Quod
705 1439 854 1480 chorus
881 1438 1018 1490 βωμὸν
1044 1438 1222 1494 appellat
1248 1438 1383 1479 ἑστίαν
1405 1438 1560 1490 χθονός,
1581 1435 1742 1492 respicit
1762 1435 1817 1486 id,

379 1506 494 1561 quod
514 1521 586 1547 rex
607 1505 781 1555 dixerat,
798 1506 903 1546 οὔτοι
922 1507 1092 1555 καθῆσθε
1113 1504 1296 1556 δωμάτων
1316 1503 1492 1556 ἐφέστιοι
1512 1504 1625 1554 ἐμῶν.
1659 1503 1819 1557 Nempe

379 1571 618 1628 scrupulum
639 1572 750 1612 hunc
769 1571 856 1626 regi
875 1571 1048 1627 cupiunt
1067 1571 1252 1622 evellere,
1272 1571 1330 1611 ita
1351 1579 1409 1620 ut,
1431 1570 1624 1625 quoniam
1644 1569 1698 1610 ad
1713 1583 1820 1610 com-

380 1654 547 1680 munem
574 1653 683 1679 aram
705 1638 878 1679 civitatis
897 1638 1169 1694 confugerint,
1188 1638 1306 1693 cujus
1325 1652 1399 1678 rex
1420 1636 1505 1692 ipse
1525 1651 1673 1692 praeses
1692 1635 1756 1686 sit,
1779 1650 1821 1676 se

381 1706 424 1747 in
444 1706 532 1762 ejus
551 1704 737 1746 clientela
756 1719 841 1745 esse
862 1704 1101 1760 significent.
1134 1705 1262 1745 SCH.

436 1783 534 1827 374.
568 1773 719 1824 θρόνοις
753 1771 959 1812 Pauwius.
1007 1771 1181 1823 θρόνοισι
1212 1770 1323 1811 Rob.
1357 1768 1501 1825 Steph.
1542 1769 1720 1822 χρόνοισι
1752 1769 1816 1809 Μ.

381 1839 484 1881 Ald.
509 1840 647 1879 Turn.
669 1847 710 1878 et
729 1837 858 1878 codex
882 1836 1122 1878 Robortelli.

437 1916 535 1962 375.
557 1904 672 1960 ἄγος]
696 1905 819 1957 ἄλγος
839 1905 905 1944 Μ.
927 1903 1030 1944 Ald.

438 1974 536 2027 376.
559 1970 828 2024 παλιγκότοις]
853 1970 1094 2023 παλίγκοτον
1115 1970 1251 2010 Turn.

440 2039 535 2094 380.
557 2038 701 2090 δρᾶσαί
716 2053 759 2078 τε
777 2037 830 2088 μὴ
850 2038 993 2089 δρᾶσαί
1008 2053 1051 2077 τε
1073 2035 1260 2091 (δράσητε
1280 2035 1347 2076 Μ.
1365 2036 1458 2076 Par.
1476 2034 1596 2087 Ald.)
1621 2034 1684 2075 καὶ
1702 2035 1824 2087 τύχην

386 2106 512 2160 ἑλεῖν]
539 2104 732 2146 Similiter
753 2103 1162 2159 Pseudo-Euripides
1184 2101 1321 2158 Iphig.
1343 2101 1446 2142 Aul.
1467 2102 1536 2156 56.
1558 2101 1695 2142 δοῦναί
1710 2117 1752 2141 τε
1771 2100 1823 2152 μὴ

386 2172 523 2213 δοῦναί
538 2188 593 2219 τε,
616 2173 682 2222 τῆς
701 2172 818 2224 τύχης
840 2170 894 2226 (θ’
914 2170 1030 2211 addit
1050 2168 1342 2222 Marklandus)
1365 2169 1468 2210 ὅπως
1487 2166 1620 2220 ἅψαιτ’
1640 2167 1792 2219 ἄριστα.

442 2239 542 2293 381.
562 2238 632 2278 τὸν
650 2237 1042 2290 ὑψόθεν-ἐννόμου]
1067 2237 1240 2292 Respice
1260 2248 1396 2291 quaeso
1413 2235 1463 2289 (J
1465 2236 1601 2288 ovem)
1624 2247 1824 2274 aerumno-

385 2319 526 2347 sorum
550 2304 785 2345 mortalium
810 2304 1011 2344 custodem
1040 2308 1079 2343 et
1102 2309 1327 2358 patronum
1348 2316 1368 2342 e
1388 2302 1482 2342 coeZo
1500 2315 1662 2342 causam
1682 2314 1823 2340 eorum

386 2373 679 2427 respicientem,
709 2371 795 2427 qui,
826 2384 918 2411 cum
946 2370 1150 2425 supplices
1178 2369 1235 2409 ad
1258 2369 1511 2425 propinquos
1539 2366 1824 2423 cooffugemnt,

373 2440 457 2494 jus
475 2453 597 2480 suum
616 2439 775 2492 legibus
794 2438 1058 2478 constitutum
1078 2437 1302 2492 impetrare
1319 2435 1433 2475 haud
1456 2435 1605 2476 valent.
1636 2435 1674 2474 οἱ
1700 2433 1825 2476 πέλας

388 2520 470 2546 non
492 2514 588 2546 sunt
607 2506 736 2546 vicini
753 2505 850 2554 loco,
872 2503 942 2544 sed
963 2502 1100 2559 potius
1111 2504 1344 2558 propinqui
1363 2503 1620 2558 cognatione.
1653 2501 1782 2541 SCH.

444 2572 540 2628 385.
562 2572 689 2625 μένει]
712 2571 824 2623 μένοι
844 2570 954 2611 Rob.

449 2640 584 2694 ῖκτίου]
620 2637 686 2679 Sic
715 2637 871 2679 correxi
900 2637 1097 2678 librorum
1128 2635 1369 2692 scripturam
1401 2636 1557 2681 ἱκταίου,
1588 2648 1712 2689 quam
1744 2647 1826 2673 me-

391 2715 501 2748 trum
521 2721 601 2747 non
623 2706 714 2746 fert.
773 2704 968 2746 Notanda
986 2711 1122 2745 autem
1146 2702 1335 2759 adjectivi
1363 2703 1481 2745 ἵκτιος
1508 2702 1642 2743 forma
1669 2715 1721 2741 ex
1749 2699 1825 2740 hoc

393 2788 477 2813 uno
497 2773 585 2814 loco
605 2773 782 2828 cognita.

448 2840 543 2894 386.
575 2838 928 2892 δυσπαραθέλκτοις
949 2838 1167 2878 Porsonus.
1198 2834 1228 2877 ὦ
1249 2835 1574 2888 δυσπαρθέλκτοις
1596 2834 1658 2874 Μ.
1683 2831 1824 2873 Guelf.

393 2906 493 2949 Ald.
526 2905 849 2958 δυσπαρθενήτοις
869 2906 966 2946 Par.
995 2903 1077 2958 (cui
1107 2902 1234 2944 simile
1262 2911 1322 2943 est
1351 2900 1718 2954 δυσπαραμυθήτοις,
1740 2914 1825 2955 quo
