1962 3224
381 218 464 257 440
852 219 938 260 AN
945 219 1343 261 NOTATIONES

376 328 591 379 χλανιδίοις
629 327 833 380 ἀνιστορῶ,
866 328 974 381 Λέγ’,
1008 330 1232 382 ἐκκαλύψας
1273 333 1403 382 κρᾶτα,
1440 331 1501 371 καὶ
1534 332 1668 382 παρεὶς
1699 329 1808 383 γόον.

377 392 528 448 Adjice
540 392 639 434 ibid.
658 404 750 448 295.
773 395 906 435 Orest.
925 405 1017 448 274.
1041 397 1231 448 Ξύγγονε,
1252 398 1292 438 τί
1309 395 1450 444 κλάεις,
1474 399 1578 449 ὄμμα
1599 396 1695 438 θεῖσ’
1717 399 1809 438 εἵσω

374 459 562 506 πέπλων;
596 459 757 501 Platon.
782 461 926 502 Phaed.
955 477 995 517 p.
1017 472 1083 515 97.
1106 463 1325 518 Wyttenb.
1354 464 1455 504 ὥστε
1485 463 1810 516 ἐγκαλυψάμενος

376 526 588 566 ἀπέκλαιον
618 527 793 577 ἐμαυτόν.
823 527 967 583 Epigr.
996 528 1035 568 in
1063 529 1278 569 Hecubam
1300 529 1471 570 Anthol.
1493 540 1535 584 5,
1557 544 1624 584 33.
1647 546 1688 586 p.
1709 531 1806 585 389.

375 595 499 643 φᾶρος
518 594 592 644 γὰρ
614 594 813 645 ἐπικρεμὲς
832 594 931 645 ἀμφὶ
950 595 1142 648 προσώπῳ
1164 594 1328 645 Πήματα
1345 596 1418 646 μὲν
1438 596 1643 636 δείκνυσιν·
1682 597 1807 649 ἀπαγ-

373 659 565 710 γέλλουσι
585 661 626 699 δὲ
646 660 789 700 πέπλοι
805 660 956 702 Πένθος
974 661 1226 713 ὑποβρύχιον,
1245 661 1500 712 κεκλασμένοι
1517 662 1606 714 ἄχρι,
1622 665 1805 703 πεδίλων.

377 737 399 764 2
422 725 556 780 Regg.
577 736 641 779 15,
663 739 730 781 30.
752 740 803 765 ex
826 741 929 766 vers.
953 726 1107 766 LXX.
1131 728 1192 767 καὶ
1209 728 1339 778 Δαβὶδ
1359 728 1568 778 ἀνέβαινεν
1589 729 1632 767 ἐν
1646 729 1692 783 τῇ
1713 729 1806 777 ἀνα,-

372 790 493 841 βάσει
512 796 587 832 τῶν
609 794 762 838 ἐλαιῶν,
786 793 1011 842 ἀναβαίνων
1039 793 1099 832 καὶ
1134 795 1291 841 κλαίων,
1315 794 1375 833 καὶ
1395 793 1463 842 τὴν
1485 793 1661 845 κεφαλὴν
1682 795 1806 835 ἐπικε-

374 859 626 908 καλυμμένος.
657 857 877 912 Euripides
905 858 1014 913 apud
1047 859 1261 914 Aristoph.
1293 861 1400 900 Ran.
1429 871 1524 911 942.
1557 861 1804 916 AEschylum

373 923 428 963 sie
460 923 576 970 ridet,
616 925 823 975 Πρώτιστα
851 925 924 974 μὲν
954 926 1026 976 γὰρ
1062 925 1131 965 ἕνα
1163 942 1211 977 γε
1243 929 1330 966 τινὰ
1364 929 1544 966 καθεῖσεν
1576 928 1805 980 ἐγκαλύψας

371 989 565 1042 Ἀχιλλέα
595 990 679 1038 τιν“,
711 988 734 1040 ἢ
765 988 931 1040 Νιόβην,
961 990 1004 1030 τὸ
1034 989 1243 1042 πρόσωπον
1275 992 1362 1044 οὐχὶ
1394 993 1552 1041 δεικνύς,
1586 991 1806 1047 Πρόσχημα

372 1059 437 1107 τῆς
466 1057 689 1111 τραγῳδίας,
715 1057 922 1108 γρύζοντας
950 1057 1039 1097 οὐδὲ.
1066 1058 1182 1097 τουτί.
1242 1058 1369 1112 Apud
1393 1057 1651 1099 Herodotum
1675 1061 1714 1109 6,
1736 1062 1803 1113 67.

372 1125 618 1164 Demaratus
637 1123 777 1164 dolens
793 1133 831 1163 et
852 1123 993 1172 iratus,
1014 1124 1385 1177 κατακαλυψάμενος
1404 1124 1463 1175 ἤϊε
1485 1126 1527 1165 ἐκ
1546 1128 1613 1166 τοῦ
1642 1126 1803 1179 θεήτρου

371 1192 411 1233 ἐς
430 1193 477 1232 τὰ
498 1193 638 1231 ἑωῦτοῦ
657 1192 771 1231 οἰκία.
806 1191 1032 1231 BLOMF.

428 1257 493 1296 82.
515 1259 707 1296 δεσποτᾶν
729 1255 943 1296 Stanleius.
976 1255 1170 1296 δεσπόταν
1189 1255 1293 1296 libri.

429 1323 494 1376 83.
515 1322 702 1370 πένθεσιν
722 1323 786 1362 Μ.
809 1322 915 1362 Rob.
946 1323 1109 1362 πένθεσι
1129 1322 1267 1377 vulgo.

426 1389 693 1443 παχνουμένη]
713 1387 1066 1444 παχνόω,])·ἰςονε
1078 1389 1310 1444 adstringo,
1325 1398 1365 1429 et
1382 1389 1653 1444 metaphorice
1669 1391 1803 1432 dolore

370 1457 547 1513 congelo.
566 1455 747 1511 Hesych.
765 1456 1055 1507 Παχνουμένης.
1073 1456 1297 1505 ἀνιωμένης.
1318 1456 1488 1495 Homer.
1508 1455 1558 1496 Il.
1575 1460 1615 1497 P.
1631 1471 1642 1496 1
1661 1471 1719 1498 ιι.
1736 1461 1804 1499 τοῦ

372 1523 403 1564 δ’
422 1525 465 1563 ἐν
481 1524 623 1576 φρεσὶν
643 1523 806 1573 ἄλκιμον
825 1522 916 1574 ῆτορ
933 1525 1170 1574 Παχνοῦται.
1196 1522 1365 1562 Hesiod.
1388 1522 1468 1576 Op.
1484 1524 1581 1577 358.
1599 1523 1643 1564 τό
1658 1524 1693 1577 γ’
1711 1525 1803 1566 ἐπά-

369 1606 525 1642 χνωσεν
545 1591 665 1642 φίλον
683 1589 788 1640 ἦτορ.
811 1588 1003 1629 Eustath.
1025 1603 1064 1643 p.
1092 1600 1209 1641 1097,
1228 1591 1297 1641 56.
1319 1589 1477 1628 εἰώθασι
1504 1590 1544 1628 δὲ
1575 1591 1611 1629 οἱ
1640 1592 1802 1632 παλαιοὶ

367 1659 503 1710 ψυχρὰ
522 1655 657 1708 λέγειν
676 1657 724 1694 τὰ
744 1656 849 1705 ἀηδῆ·
883 1655 1014 1706 ὥσπερ
1035 1656 1082 1694 αὖ
1102 1655 1220 1696 πάλιν
1242 1657 1284 1695 ἐκ
1304 1659 1370 1695 τοῦ
1392 1657 1582 1702 ἐναντίου,
1603 1659 1724 1708 θερμὰ
1751 1659 1800 1698 τὰ

367 1725 553 1775 προσηνῆ.
590 1722 647 1762 διὸ
681 1722 742 1761 καὶ
775 1721 958 1772 θαλπωρὴ
991 1721 1014 1771 ἡ
1047 1722 1167 1763 ἐλπίς.
1207 1721 1355 1776 Eurip.
1390 1722 1521 1777 Hipp.
1557 1722 1651 1776 803.
1686 1724 1799 1779 Λύπῃ

367 1787 619 1842 παχνωθεῖσ’,
645 1786 668 1837 ἢ
694 1785 755 1827 ’πὸ
788 1789 989 1838 συμφορᾶς
1018 1786 1146 1833 τινός;
1189 1786 1260 1827 ubi
1290 1787 1371 1827 vid.
1395 1786 1541 1828 Monk.
1573 1789 1798 1829 BLOMF.

366 1853 614 1908 παχνουμένη
637 1854 771 1893 Turn.
797 1852 940 1907 Steph.
970 1851 1244 1904 παχνουμένην
1264 1852 1355 1892 libri
1375 1852 1534 1907 reliqui.

425 1923 493 1973 84.
516 1919 738 1973 εὐθήμονες]
762 1918 896 1959 Schol.
917 1919 1138 1970 ὑπηρετίὸες
1159 1920 1200 1960 εὖ
1220 1923 1386 1959 τιθεῖσαι
1405 1921 1452 1959 τὰ
1473 1921 1569 1960 κατὰ
1589 1919 1658 1960 τὸν
1678 1920 1797 1963 οἶκον.

424 1990 490 2042 85.
513 1986 771 2040 προστροπῆς]
793 1987 1009 2037 προτροπῆς
1029 1984 1169 2026 Guelf.
1193 1985 1293 2026 Ald.

424 2062 489 2101 86.
510 2058 691 2113 γένεσθε]
712 2048 897 2110 γενέσθαῖ
919 2058 980 2097 Μ.

423 2139 487 2191 87.
505 2136 652 2191 τύμβῳ]
668 2137 775 2189 τύφῳ
794 2136 873 2185 Μ.,
893 2134 1098 2189 adscripto
1118 2134 1158 2174 in
1179 2149 1308 2189 marg.
1329 2135 1476 2189 τύμβῳ,
1498 2144 1539 2175 et
1558 2133 1686 2175 codex
1707 2135 1796 2174 Ro-

363 2204 535 2255 bornelli,
575 2203 687 2259 quod
728 2217 778 2242 ex
818 2202 928 2255 τάφῳ
967 2209 1205 2255 corruptum
1244 2215 1329 2240 esse
1366 2200 1535 2256 conjecit
1578 2200 1795 2242 Stanleius.

414 2262 480 2293 με...

363 2295 471 2348 τύφῳ
494 2291 634 2333 Guelf.

418 2368 587 2424 χέουσα]
610 2369 652 2408 δὲ
670 2366 820 2421 χέουσα
840 2366 947 2416 libri,
970 2375 1117 2421 praeter
1139 2367 1274 2406 Turn.
1295 2375 1335 2405 et
1358 2366 1499 2421 Steph.

419 2446 602 2498 κηδείους]
629 2445 696 2485 Ad
720 2445 961 2499 qffim'tatem
982 2445 1260 2499 pertinentem
1293 2442 1375 2483 sive
1395 2443 1451 2483 ad
1477 2443 1645 2483 luctum.
1704 2443 1796 2483 Du-

360 2513 447 2553 bito
468 2521 559 2552 utra
580 2510 630 2550 sit
658 2509 790 2565 potior
815 2508 1106 2564 interpretatio.
1168 2508 1300 2549 schol.
1332 2509 1576 2561 συγγενικάς.
1609 2508 1795 2564 Hesych.

362 2578 547 2629 Κήδειος;
588 2576 806 2629 προσήκων,
831 2574 1096 2628 φροντιστέος.
1130 2576 1301 2615 Homer.
1329 2575 1381 2615 Il.
1409 2579 1457 2617 T.
1487 2588 1579 2629 294.
1613 2578 1724 2626 Τρεῖς
1753 2591 1797 2615 τε

362 2643 627 2697 κασιγνήτους,
659 2643 746 2684 τούς
773 2658 839 2693 μοι
868 2642 938 2692 μία
967 2643 1124 2694 γείνατο
1157 2640 1291 2693 μήτηρ,
1325 2644 1520 2693 Κηδείους.
1541 2651 1543 2654 ’
1561 2642 1678 2682 Infra
1700 2653 1793 2682 220.

362 2711 516 2762 Κουρᾶν
549 2707 579 2749 δ’
612 2710 747 2748 ἰδοῦσα
775 2707 888 2757 τηνὸε
919 2709 1067 2758 κηδείου
1098 2705 1237 2760 τριχός.
1267 2708 1415 2762 Eurip.
1441 2708 1535 2764 Iph.
1558 2709 1613 2748 T.
1637 2716 1726 2759 147.
1753 2707 1796 2747 ἐν

361 2776 520 2827 κηδείοις
539 2775 738 2822 οἴκτοισιν,
759 2774 1088 2829 consanguineis.
1121 2774 1352 2814 BLOMF.

416 2853 651 2903 κατεύξωμαι
670 2852 805 2892 Turn.
831 2850 972 2906 Steph.
1005 2852 1229 2902 κατεύξομαι
1256 2850 1508 2903 (καθεύξομαι
1528 2851 1613 2903 M.)
1636 2849 1795 2891 codices

358 2927 397 2959 et
420 2917 522 2958 Ald.
547 2917 656 2958 Rob.
