1962 3224
350 190 432 232 436
822 196 954 237 ANN
958 197 1155 238 OTATI
1161 199 1241 239 ΟΝ
1245 199 1317 239 Es

407 303 474 343 61.
503 303 624 358 ῥοπή]
646 305 880 347 Inclinatio.
940 307 1112 363 Proprie
1140 307 1193 348 de
1222 317 1382 349 staterae
1410 307 1595 348 examine
1622 306 1784 348 dicitur.

348 369 448 420 ῥοπὴ
468 370 575 412 δίκας
593 379 652 411 est
672 374 879 414 conversio
898 387 1037 414 rerum
1058 375 1109 414 ab
1128 375 1451 430 Justitiasacta.
1490 375 1641 415 Sensus
1659 373 1787 429 hujus

347 434 425 476 loci
446 435 512 477 hio
532 446 616 484 est;
650 439 767 480 Ultio
787 440 925 481 divina
946 440 1073 481 serius
1093 441 1212 482 eitius
1232 456 1372 482 omnes
1392 440 1577 482 scelestos
1595 439 1782 495 corripit;

349 502 448 544 alios
466 504 660 556 celeriter,
676 506 774 546 dum
796 507 881 547 dies
900 507 1035 548 adhuc
1056 508 1184 554 lucet3
1217 508 1316 548 alios
1335 517 1471 548 autem
1490 507 1629 563 paullo
1644 507 1783 555 serius,

348 569 453 610 circa
473 572 781 626 crepusculum3
814 574 912 614 alios
931 589 1025 615 vero
1045 576 1109 616 vel
1131 575 1261 616 media
1281 586 1413 616 nocte.
1465 576 1531 615 Ita
1554 574 1782 615 Schutzius.
1813 600 1815 602 -

349 638 580 678 BLOMF.

407 706 631 760 ἐπισκοπεῖ]
653 707 746 746 Hoc
768 707 937 747 verbum
968 717 1008 749 et
1036 708 1178 749 similia
1198 709 1249 749 de
1270 708 1436 749 numine
1455 708 1593 748 divino
1613 705 1783 762 punien-

348 768 413 810 dis
442 769 650 810 hominum
683 771 839 812 delictis
871 772 1027 813 intento
1059 773 1262 829 usurpari,
1292 773 1396 814 bene
1423 772 1561 813 multis
1587 770 1784 826 exemplis

348 835 488 877 docuit
507 838 556 878 cl.
577 838 769 879 Matthiae
791 839 913 879 Misc.
936 840 1075 894 philol.
1099 852 1136 890 2,
1158 854 1193 880 1.
1215 855 1257 895 p.
1278 853 1319 894 9.
1352 840 1482 880 SCH.

405 905 528 959 δίκας]
553 906 662 946 δίκαν
681 905 772 946 libri
793 915 942 961 praeter
962 907 1099 946 Turn.
1160 906 1398 947 Genitivum
1427 905 1525 960 legit
1554 904 1781 954 scholiasta,

347 971 370 1022 ἡ
391 971 433 1010 δὲ
452 974 516 1021 τῆς
536 972 638 1023 δίκης
655 972 755 1024 ῥοπὴ
774 973 861 1015 τοὺς
879 974 952 1024 μὲν
973 975 1178 1014 ἐπισκοπεῖ
1194 972 1342 1027 ταχέως
1362 973 1425 1013 καὶ
1445 973 1641 1024 ἀμύνεται.

403 1039 470 1080 62.
491 1040 644 1094 ταχεῖα]
668 1040 718 1079 In
742 1039 841 1080 Ald.
863 1040 972 1081 Rob.
993 1055 1074 1081 non
1094 1049 1187 1096 post
1206 1045 1357 1093 ταχεῖα,
1379 1039 1449 1080 sed
1470 1049 1561 1095 post
1584 1039 1693 1078 δίκαν
1715 1036 1779 1077 in-

347 1106 578 1160 terpunctio
596 1106 727 1161 posita
747 1116 820 1147 est.

403 1172 502 1229 τοΐς]
526 1173 793 1214 Scribendum
814 1174 903 1217 τοὺς
922 1189 1014 1215 cum
1037 1174 1160 1216 schol.
1183 1182 1224 1215 et
1247 1175 1384 1215 Turn.

404 1241 472 1294 63.
504 1241 547 1280 ἐν
572 1242 784 1296 μεταιχμίῳ
810 1242 966 1296 σκότου]
990 1242 1043 1282 Id
1071 1251 1131 1283 est
1161 1243 1300 1282 σκότου
1331 1241 1393 1282 καὶ
1422 1241 1556 1293 φάους,
1587 1238 1698 1294 quod
1730 1254 1779 1279 ex

345 1306 602 1363 praecedente
631 1307 725 1361 φάει
752 1307 1007 1363 intelligitur.
1041 1308 1255 1364 Aristoph.
1278 1310 1361 1348 Av.
1382 1307 1474 1357 187.
1507 1307 1550 1346 ἐν
1577 1305 1684 1360 μέσῳ
1714 1305 1779 1356 δή·

345 1378 491 1416 πουθεν
521 1375 591 1428 ἀήρ
623 1377 707 1416 ἐστι
739 1377 809 1428 γῆς
841 1390 916 1431 pro
948 1378 1019 1428 γῆς
1049 1376 1110 1416 καὶ
1144 1376 1308 1428 οὐρανοῦ
1341 1373 1495 1414 dictum
1530 1372 1782 1428 comparavit

348 1442 628 1483 Schwenkius.

403 1510 471 1562 64.
492 1509 619 1564 μένει]
645 1516 672 1534 “
695 1511 746 1551 In
768 1511 864 1551 MS.
887 1525 970 1551 non
998 1519 1111 1551 extat
1135 1510 1223 1550 haec
1244 1523 1335 1550 vox.
1385 1510 1574 1549 Auratus
1592 1505 1691 1562 legit
1709 1505 1777 1557 μέ-

346 1576 450 1619 νος.”
509 1578 661 1632 Margo
682 1578 738 1617 Is.
757 1576 900 1617 Vossii.

320 1634 328 1639 ἱ
399 1645 630 1696 χρονίζοντα
660 1646 936 1684 Hermannus.
966 1642 1177 1696 χρονίζοντ’
1207 1643 1300 1696 εὔχη
1322 1642 1386 1682 Μ.
1409 1640 1547 1683 Guelf.
1579 1651 1619 1681 et
1649 1640 1778 1681 codex

344 1710 519 1751 Robort.
550 1713 728 1764 χρονίζον
757 1712 875 1764 τεύχη
903 1710 1002 1751 Ald.
1035 1711 1213 1763 χρονίζον
1243 1709 1272 1750 τ’
1306 1710 1398 1765 εὐχῇ
1427 1708 1535 1748 Rob.
1564 1706 1777 1761 χρονίζοντ’

344 1778 421 1831 ἄχη
451 1778 560 1819 Rob.
591 1793 641 1819 ex
671 1778 903 1834 conjectura
938 1777 1133 1833 Sophiani
1164 1787 1204 1818 et
1241 1776 1381 1832 Steph.
1442 1777 1547 1816 Ve‘ra
1582 1774 1778 1830 Sophiani

343 1843 572 1885 emendatio
601 1854 682 1885 est:
715 1861 799 1900 qua
828 1854 990 1902 recepta
1020 1843 1276 1885 scribendum
1306 1844 1420 1895 βρύει
1447 1840 1658 1895 χρονίζοντ’
1684 1841 1776 1894 ἄχη,

342 1910 471 1966 ejecto
489 1911 728 1967 glossemate
748 1911 870 1963 μένει.
929 1913 997 1952 Ex
1019 1927 1104 1967 quo
1129 1910 1313 1966 sequitur
1334 1908 1467 1950 versui
1487 1907 1691 1964 strophico
1707 1920 1778 1962 52.

344 1978 582 2019 καλύπτουσι
620 1979 673 2019 ab
711 1979 932 2035 interprete
965 1978 1123 2019 illatum
1158 1977 1219 2018 vel
1255 1975 1520 2033 grammatico
1557 1975 1776 2016 dimetrum

341 2043 560 2085 iambicum
592 2045 844 2095 restituente,
867 2045 1115 2102 AEschylum
1141 2060 1237 2086 vero
1266 2043 1476 2101 trisyllabo
1505 2057 1624 2083 usum
1653 2045 1778 2084 verbo

342 2126 429 2153 esse
448 2133 476 2153 υ
493 2138 523 2143 --
540 2138 587 2153 -.
648 2115 839 2155 Ceterum
861 2115 937 2168 ἄχη
958 2113 1211 2154 scholiastam
1233 2127 1399 2168 quoque
1417 2110 1561 2167 legisse
1579 2125 1629 2150 ex
1652 2125 1777 2151 anno-

343 2178 497 2220 tatione
516 2180 604 2236 ejus
623 2190 805 2236 apparet,
826 2181 1014 2236 quamvis
1039 2180 1173 2221 locum
1196 2179 1299 2219 male
1319 2177 1584 2233 interpretati,
1605 2178 1629 2228 ἡ
1649 2178 1692 2217 δὲ
1711 2179 1778 2227 τῆς

343 2247 447 2298 δίκης
464 2247 565 2300 ῥοπὴ
584 2247 672 2290 τοὺς
690 2249 763 2299 μὲν
783 2249 988 2288 ἐπισκοπεῖ
1004 2246 1153 2300 ταχέως
1173 2246 1236 2287 καὶ
1256 2246 1453 2296 ἀμύνεται·
1482 2245 1614 2286 ἄλλως
1636 2243 1775 2298 (scrib.

344 2313 499 2366 ἄλλων)
522 2315 564 2354 δὲ
584 2315 627 2354 ἐν
647 2315 859 2368 ἀμφιβόλῳ
882 2315 926 2367 ἐᾷ
947 2313 1016 2364 τὴν
1036 2313 1232 2365 τιμωρίαν,
1255 2312 1322 2352 οὐκ
1350 2312 1496 2364 ἀθρόως
1522 2311 1656 2353 αὐτοὺς
1681 2311 1775 2362 ἀμυ-

343 2379 500 2431 νομένη,
531 2381 634 2421 ὥστε
662 2380 751 2423 τοὺς
778 2379 1027 2432 ἠδικημένους
1054 2379 1115 2420 ὑπ’
1148 2379 1272 2419 αὐτῶν
1299 2381 1519 2419 λυπεῖσθαι·
1560 2378 1706 2420 ἄλλους
1735 2378 1777 2418 δὲ

344 2449 483 2490 σκότος
503 2449 700 2495 καλύπτει,
723 2449 772 2490 ὡς
791 2446 874 2499 μηδ’
897 2448 1061 2499 ὁρᾶσθαι
1080 2445 1141 2486 ὑπ’
1164 2446 1291 2496 αὐτῆς.

401 2516 469 2570 65.
500 2515 587 2558 τοὺς
616 2513 646 2555 δ’
678 2516 866 2567 ἄκραντος
896 2513 978 2566 ἔχει
1008 2512 1090 2566 νύξ]
1123 2513 1317 2567 Ineptum
1349 2520 1408 2551 est
1437 2511 1635 2563 ἄκραντος,
1663 2510 1776 2566 quod

342 2589 554 2636 utcunque
573 2581 856 2638 explicuerunt
877 2581 1127 2636 interpretes.
1189 2578 1412 2619 Scholiasta
1434 2578 1586 2631 (homo,
1607 2587 1653 2618 ut
1675 2579 1778 2618 But-

341 2647 428 2689 lero
448 2648 675 2696 videbatur,
699 2647 974 2701 Christianus)
996 2647 1082 2687 ἀντὶ
1100 2649 1167 2687 τοῦ
1188 2646 1341 2688 αἰώνιος
1362 2645 1540 2688 θάνατος.
1592 2643 1776 2685 Scriben-

342 2715 443 2756 dum
471 2716 634 2768 ἄκρατος
659 2730 751 2756 cum
785 2713 1014 2756 Schuetzio.
1046 2714 1184 2755 σκότος
1213 2713 1391 2766 ἄκρατον,
1416 2711 1648 2768 oppositum
1677 2711 1779 2764 φωτὶ

341 2783 508 2837 βεβαίῳ,
529 2782 633 2823 dixit
654 2781 764 2823 Plut.
787 2783 836 2822 V.
856 2781 983 2822 Niciae
1003 2796 1038 2822 c.
1061 2793 1126 2822 21.

399 2851 466 2890 66.
503 2848 644 2904 αἵματ’]
679 2849 899 2890 Notandus
932 2858 991 2889 est
1026 2862 1220 2889 numerus
1253 2845 1432 2903 pluralis.
1468 2846 1645 2885 Eumen.
1680 2857 1702 2885 2
1705 2856 1774 2900 53.

351 2916 467 2968 Οσμὴ
495 2918 684 2969 βροτείων
714 2915 883 2967 αἱμάτων
911 2932 959 2966 με
982 2916 1198 2967 προσγελᾷ.
1258 2914 1465 2954 Porsonus
1492 2911 1648 2953 confert
1678 2913 1773 2964 278.
