1962 3224
663 139 752 181 AD
783 135 1180 180 EUMENIDES.
1573 133 1659 174 543

186 267 324 322 μικρὸν
343 267 440 319 ὅπερ
460 266 498 307 οἳ
517 265 741 318 ἆγνίζοντες
760 262 954 304 θύσαντες
973 262 1042 303 τὰς
1060 263 1198 314 χεῖρας
1224 261 1293 299 τοῦ
1320 256 1577 311 ἁγνιζομένου
1605 259 1657 313 τῷ

189 338 321 389 αἵματι
341 335 459 377 αὐτοῦ
483 331 714 386 βρέχουσιν.
775 331 843 372 De
873 327 1155 370 immolatione
1185 325 1298 382 porci
1328 324 1452 382 plura
1481 324 1660 381 reperies

187 403 301 460 apud
323 404 547 444 Varronem
570 399 623 441 de
644 400 711 441 Re
732 399 857 440 Rust.
882 410 919 448 2,
942 409 984 449 4.
1019 395 1244 437 STANL.

247 471 344 525 285.
375 470 486 513 ὅσοις
515 468 581 509 Μ.
611 469 709 509 Par.
740 466 884 508 Guelf.
915 464 1027 506 Rob.
1063 463 1106 509 ὃς
1135 468 1215 507 τοῖς
1245 462 1348 504 Ald.
1381 462 1489 505 ὅστις
1520 462 1656 502 Turn.

190 539 332 596 Steph.

244 606 442 661 ἀβλαβεῖ]
467 607 634 658 ἀβλαβῆ
656 605 750 645 Par.
775 602 917 645 Guelf.

247 677 342 719 286.
383 676 528 730 χρόνος
567 676 746 726 καθαιρεῖ
786 672 979 726 (καθαίρει
1016 668 1240 721 Stanleius)
1279 667 1409 710 πάντα
1447 665 1660 721 γηράσκων

189 743 303 799 ὁμοῦ]
334 743 546 785 Prometh.
570 742 666 796 980.
698 739 787 782 ἀλλ’
817 739 1037 782 ἐκδιδάσκει
1066 737 1180 780 πάνθ’
1210 739 1231 778 ὁ
1261 736 1472 791 γηράσκων
1501 735 1658 789 χρόνος.

189 811 412 853 STANL.
472 811 648 852 Versum
678 809 768 851 loco
798 809 939 865 inepto
971 806 1138 848 aliunde
1172 805 1372 847 insertum
1408 813 1519 845 recte
1548 802 1660 845 delet

190 881 473 921 Hermannus.

249 961 342 1003 292.
375 947 468 989 ἀλλ’
496 946 589 1002 εἴτε]
622 947 677 987 In
706 944 1034 987 invocationibus
1064 943 1236 984 deorum
1268 941 1452 982 solemne
1481 950 1568 981 erat
1599 940 1660 981 di-

187 1031 304 1058 versa
341 1015 444 1067 loca,
480 1030 576 1070 quae
609 1014 666 1055 dii
702 1013 881 1055 maxime
918 1012 1195 1061 celebrabant,
1229 1026 1304 1068 per
1338 1009 1657 1066 disjunctionem

189 1083 376 1125 adhibita
414 1082 618 1140 particula
658 1084 899 1124 εἴτε--εἴτε
936 1095 1271 1122 commemorare.
1334 1078 1402 1119 Cf.
1440 1078 1657 1134 Aristoph.

190 1152 308 1194 Nub.
327 1167 367 1194 v.
392 1162 474 1202 270
495 1167 583 1208 sqq.
646 1155 677 1176 “
700 1150 880 1206 Legitur
910 1160 1046 1191 autem
1071 1148 1139 1189 hic
1165 1163 1268 1189 vers.
1299 1161 1394 1188 cum
1426 1162 1511 1202 seq.
1541 1145 1657 1202 apud

191 1218 404 1277 Lycophr.
444 1218 570 1261 schol.
610 1218 663 1260 ad
704 1234 743 1259 v.
785 1229 883 1274 519.
923 1227 964 1259 et
1004 1217 1235 1269 Λιβυστίοις
1274 1230 1352 1271 pro
1390 1217 1656 1267 Λιβυστικοῖς.

190 1289 435 1343 Utrumque
468 1286 584 1329 novit
621 1286 768 1343 Steph.
796 1287 975 1342 Byzant.
1012 1284 1130 1342 prius
1165 1293 1303 1325 tamen
1335 1292 1475 1324 noster
1504 1281 1655 1323 iterum

187 1357 230 1398 in
254 1356 401 1414 Suppl.
424 1372 463 1398 v.
490 1355 610 1409 287.”
642 1355 837 1397 Abreseh.
872 1354 1002 1396 SCH.

245 1424 515 1479 Λιβυστικοῖς]
537 1425 779 1476 Λιβυστικῆς
800 1422 1088 1464 casaubonus.

247 1506 341 1549 293.
378 1492 591 1548 Τρίτωνος]
629 1492 751 1533 Circa
784 1491 939 1532 flumen
977 1500 1018 1532 et
1052 1490 1187 1531 lacum
1232 1488 1421 1530 Tritonis
1461 1487 1658 1528 Minerva

187 1562 368 1620 primum
390 1560 580 1618 virginali
599 1560 747 1602 habitu
768 1559 1009 1617 apparuisse
1029 1558 1273 1609 dicebatur3
1311 1557 1407 1598 hinc
1438 1571 1586 1597 nomen
1619 1556 1656 1597 ei

185 1628 442 1683 Τριτογένεια
458 1647 469 1677 ;
502 1627 598 1670 hinc
628 1637 689 1669 est
719 1627 834 1684 quod
856 1626 1024 1669 Catullo
1044 1626 1189 1683 rapidi
1212 1625 1407 1667 Tritonis·
1426 1624 1528 1665 hera
1549 1638 1656 1664 nun—

187 1705 366 1753 cupatur
385 1697 550 1752 Argon.
572 1710 610 1737 v,
630 1708 730 1751 394.
765 1696 897 1738 SCH.

243 1764 382 1820 πόρου]
404 1766 553 1818 σπόρου
574 1763 699 1805 schol.
724 1763 936 1820 Lycophr.
960 1779 999 1804 v.
1020 1773 1117 1818 519.

248 1846 342 1888 294.
374 1834 528 1885 τίθησιν
549 1832 669 1886 ὀρθὸν
695 1830 719 1884 ἢ
751 1834 948 1885 κατηρεφῆ
977 1831 1096 1886 πόδα]
1129 1829 1339 1871 Heathius
1368 1827 1564 1885 opinatur
1591 1845 1656 1869 κα-

189 1903 360 1954 ταρρεπῆ
388 1899 610 1956 legendum
641 1915 739 1951 esse,
771 1905 914 1941 utrum
951 1905 1108 1941 rectum
1142 1904 1304 1939 statuat
1340 1911 1398 1937 an
1429 1896 1656 1953 proclivem

185 1970 342 2025 pedem.
404 1968 486 2010 Sed
508 1968 627 2010 unice
649 1983 743 2010 vera
769 1977 830 2010 est
849 1967 1020 2024 vulgata
1049 1966 1182 2016 lectio,
1204 1980 1330 2022 quam
1360 1973 1498 2006 tamen
1529 1964 1655 2005 nolim

190 2052 285 2078 cum
314 2035 579 2078 Wakefieldo
608 2036 664 2078 sic
694 2051 913 2093 exponere,
941 2051 983 2092 q.
1005 2034 1047 2076 d.
1077 2036 1168 2076 sive
1201 2034 1349 2075 habeat
1379 2034 1439 2074 ibi
1470 2039 1656 2075 statuam

190 2111 365 2146 erectam
389 2111 430 2146 et
457 2106 616 2162 apertis
645 2106 747 2146 adeo
768 2105 934 2161 plantis
954 2104 1227 2153 insistentem,
1246 2102 1335 2142 sive
1354 2101 1494 2143 sedeat
1513 2102 1657 2158 imago

191 2175 280 2215 deoe
298 2179 338 2215 et
351 2173 528 2230 perinde
548 2173 803 2214 vestimentis
823 2185 954 2228 usque
973 2171 1030 2211 ad
1050 2176 1207 2212 terram
1228 2169 1503 2226 defluentibus
1527 2170 1656 2226 pedes

189 2242 281 2298 ejus
308 2241 571 2298 obtegantur.
634 2240 729 2281 Imo
758 2238 811 2280 de
830 2238 920 2280 deae
940 2253 1129 2295 persona,
1152 2253 1234 2279 non
1256 2237 1308 2278 de
1329 2246 1465 2278 statua
1484 2236 1653 2293 agitur3

189 2308 376 2364 adeoque
406 2307 684 2364 significatur:
719 2308 808 2349 sive
838 2307 1031 2356 ambulet,
1061 2308 1151 2348 sive
1179 2306 1332 2348 sedeat.
1393 2304 1655 2347 Abreschius

146 2367 149 2370 Α
191 2377 388 2428 κατηρεφῆ
418 2374 568 2416 τιθέναι
601 2376 703 2417 πόδα
734 2374 786 2416 de
820 2374 998 2416 sessione
1033 2374 1075 2415 in
1110 2389 1236 2416 curru
1271 2372 1479 2430 intelligit.
1520 2373 1655 2414 SCH.

192 2441 432 2493 Scholiasta,
455 2443 702 2495 καταβάλλει
722 2445 798 2497 γὰρ
817 2441 841 2495 ἢ
862 2444 987 2496 ὀρθοῖ.
1020 2445 1226 2496 κατωφερῆ
1247 2440 1490 2498 Burgesius.

248 2521 343 2564 295.
376 2511 454 2551 εἴτε
483 2511 713 2564 Φλεγραίαν
741 2509 891 2566 πλάκα]
913 2509 1088 2552 Aristid.
1116 2519 1221 2552 orat.
1243 2509 1286 2550 in
1307 2509 1544 2551 Minervam
1566 2511 1652 2551 vol.

195 2589 230 2617 Ι.
246 2591 287 2632 p.
307 2588 374 2618 20.
392 2577 514 2618 Cant.
530 2576 702 2631 Λέγεται
720 2579 796 2631 γὰρ
817 2578 880 2626 ὡς,
905 2578 1037 2629 ἐπειδὴ
1058 2579 1096 2618 οἱ
1114 2578 1299 2630 γίγαντες
1318 2576 1588 2629 παρετάξαντο
1611 2579 1656 2619 ἐν

191 2646 236 2696 τῇ
259 2646 437 2698 Φλεγρᾷ,
456 2643 703 2697 Ἐγκέλαδον
728 2646 801 2696 μὲν
827 2645 889 2686 καὶ
915 2644 1005 2687 τοὺς
1034 2643 1275 2698 ἡγουμένους
1304 2644 1431 2686 αὐτῶν
1462 2645 1604 2686 κτείνει
1632 2645 1656 2697 ἡ

194 2712 284 2755 θεός
305 2711 554 2766 (Minerva).
587 2712 810 2754 STANL.

248 2792 345 2836 302.
369 2780 599 2836 ἀναίματον]
623 2780 864 2832 Scholiasta,
883 2782 904 2822 ὁ
924 2782 1021 2833 μηδὲ
1042 2781 1138 2832 αἷμα
1158 2779 1323 2834 σχήσων
1344 2778 1392 2830 ἐξ
1407 2780 1530 2832 ἡμῶν,
1548 2781 1658 2822 ἀλλὰ

191 2848 457 2902 γενησόμενος
477 2847 580 2890 σκιά·
610 2848 843 2903 ῥοφήσομεν
863 2847 939 2902 γάρ
960 2866 1034 2890 σου
1061 2848 1106 2889 τὸ
1134 2849 1229 2900 αἷμα
1260 2847 1385 2903 (conf.
1409 2863 1447 2889 v.
1471 2850 1600 2904 254).
1632 2846 1656 2900 ἢ

190 2916 416 2970 ἐναίματον,
438 2917 527 2960 ἀντὶ
545 2920 614 2958 τοῦ
635 2915 759 2966 ζῶντά
779 2933 828 2959 σε
849 2916 989 2970 νεκρὸν
1009 2916 1240 2970 ποιήσομεν.
