1962 3224
575 170 667 214 AD
697 166 1142 212 CHOEPHORAS.
1508 158 1594 202 51⁵

191 294 313 338 1052.
333 283 465 336 φόβου
484 283 577 324 νικῶ
597 281 823 323 Porsonus.
854 280 990 334 φοβοῦ
1009 280 1128 320 νικῶν
1146 274 1254 318 libri.

192 362 313 406 1053.
332 349 400 392 οὐκ
420 347 518 406 εἰσὶ]
539 349 610 391 οὐκ
629 350 692 399 εζᾶ
710 347 813 390 Ald.
844 347 928 396 οὐκ,
950 348 1013 389 εἴα
1033 346 1171 387 Turn.

190 420 312 474 1056.
331 418 474 474 πίτνει]
494 421 627 460 πιτνεῖ
639 416 748 459 libri.

190 497 313 543 1057.
333 485 573 543 πληθύουσι]
595 485 845 538 πληθύουσαι
865 484 930 526 M.
950 481 1095 526 Guelf.
1115 479 1220 524 Ald.
1241 478 1355 522 Rob.

189 565 310 611 1059.
339 555 445 607 εἰσὶν
465 555 656 609 καθαρμοὶ
681 542 943 596 Schiietzius.
988 557 1018 578 “
1031 549 1105 594 εῑσ’
1127 551 1149 592 ὃ
1170 547 1369 602 καθαρμὸς
1388 545 1493 588 Ald.
1536 546 1593 589 εἷς

128 622 165 664 σ’
196 624 219 664 ὁ
253 623 448 677 καθαρμὸς
475 624 542 665 Μ.
576 622 721 665 Guelf.
752 622 861 664 Rob.
909 623 1002 664 εἵσω
1034 619 1231 673 καθαρμός
1266 618 1404 659 Turn.
1442 613 1590 671 Steph.

129 692 238 734 ἐστὶν
259 692 454 745 καθαρμός
474 691 644 733 Schutz.
665 701 714 732 ut
732 690 774 732 in
797 693 950 747 Agam.
973 703 1070 746 931.
1090 688 1232 730 Ἐστὶν
1251 685 1455 728 θάλασσα.
1498 682 1593 725 Ad-

122 760 196 818 jici
216 760 354 818 potuit
373 759 524 816 Eurip.
549 759 684 816 Hipp.
707 760 806 812 480.
829 759 946 801 Εἰσὶν
971 757 1002 801 δ’
1025 758 1184 814 ἐπῳδαὶ,
1209 756 1272 798 καὶ
1290 756 1408 809 λόγοι
1428 751 1593 804 θελκτή-

129 847 218 883 ριοι.
249 828 481 881 Φανήσεταί
495 845 532 870 τι
551 831 671 880 τῆσδε
691 826 900 881 φάρμακον
921 827 1054 868 νόσου.
1086 824 1312 867 Elmsleius
1326 823 1380 865 ad
1398 820 1593 880 Sophocl.

132 897 238 940 OEd.
266 899 324 939 Τ.
352 899 420 939 60.
451 896 620 953 corrigit
648 896 761 938 ἔσται
794 896 1000 949 καθαρμός,
1034 893 1140 936 sicut
1171 892 1358 934 ediderat
1390 890 1594 933 Botheus.

136 965 218 1007 Sed
257 974 440 1022 praestat,
479 974 528 1007 ut
561 964 720 1022 opinor,
750 964 852 1006 εἰσὶν
883 965 1085 1017 καθαρμοί.
1138 963 1275 1017 Supra
1309 970 1408 1016 954.
1441 959 1596 1001 dieitur

136 1037 346 1086 καθαρμοῖς
374 1033 417 1074 in
440 1032 604 1090 plurali.
647 1033 776 1074 Eum.
795 1032 894 1086 276.
915 1030 1037 1085 Ἐγὼ,
1058 1031 1256 1086 διδαχθεὶς
1277 1032 1322 1072 ἐν
1342 1032 1487 1080 κακοῖς,
1510 1028 1594 1070 ἐπί-

136 1119 282 1154 σταμαι
312 1101 501 1145 Πολλοὺς
530 1102 762 1154 καθαρμούς.
809 1100 904 1142 282.
935 1100 1152 1141 Ποταίνιον
1171 1101 1249 1153 γὰρ
1277 1098 1338 1146 ὂν,
1359 1097 1458 1151 πρὸς
1486 1097 1599 1152 ἑστίᾳ.

136 1173 228 1212 θεοῦ
257 1171 411 1222 Φοίβου
443 1173 654 1222 καθαρμοῖς
675 1167 805 1220 ἠλάθη
831 1169 1112 1223 χοιροκτόνοις.
1159 1166 1298 1208 Theb.
1322 1177 1372 1222 73
1377 1176 1419 1221 5.
1445 1165 1519 1208 Τίς
1548 1163 1599 1206 ἂν

137 1238 357 1291 καθαρμοὺς
375 1240 490 1291 πόροι
504 1237 541 1285 ;”
572 1238 807 1279 BLOMF.

194 1303 352 1358 Λοξίου]
373 1304 518 1355 Λοξίας
537 1304 750 1344 Auratus:
781 1301 896 1358 quod
917 1310 1055 1342 tamen
1079 1299 1235 1342 librarii
1255 1299 1324 1341 vix
1355 1307 1599 1340 mutassent.

138 1371 432 1412 Nominativus
450 1371 650 1427 pendens,
667 1371 751 1412 sive
770 1369 1001 1420 absolutus,
1023 1369 1266 1423 προσθιγῶν,
1282 1366 1407 1409 hodie
1426 1382 1479 1408 ne
1499 1366 1599 1408 tiro·

139 1454 210 1481 nes
228 1439 399 1496 quidem
420 1439 620 1496 impedire
640 1438 807 1496 poterit.
840 1437 934 1480 Vid.
957 1437 1168 1479 Matthiae.
1187 1438 1264 1479 Gr.
1282 1436 1359 1478 Gr.
1383 1437 1423 1490 ξ.
1442 1436 1543 1491 562,
1564 1447 1600 1477 1.

140 1507 373 1549 BLOMF.
422 1506 687 1548 Probabilior
707 1506 862 1548 Aurati
888 1506 1127 1563 conjectura
1147 1503 1296 1556 Λοξίας
1315 1511 1391 1556 est,
1413 1503 1526 1560 quod
1558 1503 1601 1544 in

140 1577 283 1628 Λοξίου
315 1576 489 1618 mutavit
524 1576 714 1618 librarius
744 1575 948 1633 proximo,
984 1573 1099 1631 quod
1127 1573 1359 1631 genitivum
1393 1572 1604 1629 requirere

141 1646 360 1697 videretur,
382 1646 510 1688 verbo
529 1647 756 1700 προσθιγὼν
777 1644 989 1701 deceptus.

197 1714 438 1770 προσθιγὼν]
458 1715 687 1767 προσθίγων
706 1712 847 1769 vulgo.
880 1713 1080 1765 προθίγων
1101 1709 1246 1752 Guelf.
1267 1709 1372 1751 Ald.

203 1783 325 1825 1062.
358 1782 407 1824 ἂν
425 1781 619 1837 μείναιμ’]
641 1779 862 1833 ἇμμείναιμ’
882 1781 947 1821 Μ.
993 1777 1204 1832 ἆμμείβομ’
1228 1778 1375 1820 Guelf.
1422 1777 1607 1830 ἆμείβομ’

142 1849 244 1892 Ald.
268 1851 404 1891 Turn.

205 1918 327 1968 1064.
349 1916 575 1973 φυλάσσοι]
598 1916 800 1969 φυλάσσει
821 1915 966 1958 Guelf.
988 1914 1090 1956 Ald.

204 1986 387 2037 καιρίοισι
416 1985 483 2026 Μ.
508 1983 650 2026 Guelf.
681 1983 791 2024 Rob.
836 1983 899 2024 καὶ
927 1983 1047 2036 ῥίοισι
1077 1980 1181 2023 Ald.
1227 1982 1290 2022 καὶ
1318 1982 1448 2034 ῥύοισι
1475 1979 1610 2022 codex

147 2050 393 2093 Robortelli.
429 2052 591 2104 καιρίοις
612 2053 657 2092 ἐν
678 2052 815 2092 Turn.
839 2050 984 2106 Steph.
1007 2065 1056 2090 ex
1079 2048 1344 2091 annotatione
1365 2047 1607 2100 scholiastae,

148 2120 329 2173 καιρίοις;
363 2119 558 2172 ἐγκαίροις
579 2119 820 2172 συντυχίαις.

209 2187 329 2240 1067.
350 2186 519 2228 πνεύσαι
542 2185 735 2242 Scaliger.
764 2186 956 2227 πνεούσαι
976 2184 1083 2226 libri.

203 2254 356 2310 γονίας]
391 2253 642 2310 HesychiuS,
680 2255 842 2296 Γονίαςε
877 2253 1054 2307 εὐχερής.
1089 2253 1294 2307 Αἰσχύλος
1325 2251 1608 2306 Ἀγαμέμνονι.

149 2323 277 2377 (unde
296 2322 492 2364 discimus
520 2322 627 2363 hanc
654 2321 838 2363 fabulam
859 2322 982 2363 etiam
1004 2320 1207 2378 Hesychii
1235 2321 1492 2378 temporibus
1510 2335 1608 2362 oum

149 2392 465 2447 Agamemnone
483 2389 695 2431 confusam
714 2389 874 2443 fuisse.)
909 2388 1136 2431 Scholiasta
1154 2404 1267 2439 vero,
1288 2389 1431 2433 Γονίας
1451 2389 1609 2442 ἄνεμος,

150 2459 246 2500 ὅταν
272 2456 319 2508 ἐξ
342 2458 469 2500 εὐδίας
493 2459 627 2514 κινηθῇ
655 2457 838 2511 χαλεπὸν
863 2461 1031 2509 πνεῦμα.
1062 2457 1175 2499 unde
1200 2457 1317 2514 apud
1344 2457 1608 2514 Hesychium

149 2526 286 2567 forsan
319 2523 540 2580 legendum
580 2524 787 2579 δυσχερής.
833 2525 1068 2567 BLOMF.
1130 2527 1492 2582 Agamemnonem
1532 2540 1610 2582 pro

154 2591 413 2649 Choephoris
451 2591 658 2633 memoriae
696 2607 834 2634 errore
879 2593 1065 2634 nominat
1112 2592 1428 2649 grammaticus:
1475 2607 1612 2649 neque

153 2660 261 2702 enim
293 2658 505 2716 probabile
523 2667 585 2700 est
603 2659 679 2700 has
706 2658 870 2701 fabulas
893 2659 982 2715 jam
1008 2659 1210 2716 Hesychii
1237 2660 1495 2716 temporibus
1517 2675 1614 2701 con-

154 2728 266 2769 fusas
285 2725 424 2767 fuisse.

216 2793 341 2835 1068.
355 2794 590 2845 παιδόβοροι
611 2793 813 2834 Auratus.
847 2793 1076 2844 παιδόμοροι
1095 2791 1201 2833 libri.
1234 2792 1508 2835 Scribendum
1525 2811 1613 2837 παι-

155 2863 329 2914 ὃοβόροι.

216 2929 341 2984 1069.
363 2926 532 2971 τάλανές
550 2926 610 2982 τε]
630 2925 801 2970 τάλανός
820 2943 867 2980 γε
888 2927 1090 2968 Auratus.
1127 2927 1299 2971 τάλανές
1318 2945 1365 2981 γε
1388 2928 1609 2972 Heathius.

818 3006 842 3049 3
867 3008 893 3036 T
917 3007 942 3037 2
