1962 3224
582 146 673 189 AD
704 143 1101 188 EUMENIDES.
1493 140 1571 181 521

171 273 212 314 9.
241 260 361 313 λίμνη
390 274 472 301 non
501 267 580 310 est,
613 267 660 300 ut
685 256 942 299 Abreschius
971 253 1165 312 putabat,
1193 266 1321 303 mare,
1353 251 1426 293 sed
1451 253 1580 308 palus

114 328 306 379 Deliaca,
345 327 400 370 ad
447 341 575 384 quam
614 326 772 384 Apollo
818 335 941 367 natus
989 332 1093 374 erat,
1132 332 1173 365 et
1215 322 1373 374 Δηλίαν
1412 319 1582 375 χοιράδα

116 395 345 452 AEschylus
374 409 456 436 non
486 393 540 436 de
570 394 761 436 universa
781 392 917 435 insula
937 391 1063 443 Delo,
1084 391 1155 432 sed
1176 389 1318 447 potius
1337 388 1390 430 de
1413 387 1581 444 Cyntho

115 470 250 505 monte
268 462 439 520 intelligi
462 462 605 504 voluit.
637 463 782 515 λίμνην
799 461 958 513 Δηλίαν
977 476 1021 501 τε
1039 457 1220 514 χοιράδα,
1242 456 1401 498 dictum
1422 465 1485 498 est
1504 471 1582 513 pro

113 531 256 582 λίμνην
277 532 339 573 καὶ
368 531 534 586 χοιράδα
556 531 727 582 Δηλίαν.
786 528 991 586 Ejusdem
1018 526 1185 584 paludis
1205 524 1390 567 Deliaeae
1409 525 1583 566 mentio-

114 613 207 639 nem
229 599 327 641 facit
348 599 628 641 Callimachus
649 600 812 656 Hymn.
834 597 876 638 in
906 595 1000 638 Del.
1023 611 1062 637 v.
1087 595 1184 639 261.
1214 593 1288 650 qui
1318 608 1408 635 eam
1439 594 1580 648 τροχό-

113 683 242 708 εσσαν
261 669 443 724 appellat
467 676 508 709 et
534 669 699 720 περιηγῆ
726 667 884 718 λίμνην.
907 665 968 705 Η.
990 663 1030 705 in
1053 662 1198 720 Apoll.
1222 678 1258 703 v.
1280 672 1349 718 59.
1371 662 1469 704 item
1492 663 1583 703 Eu-

115 733 269 790 ripides
296 736 400 777 Ione
427 751 465 776 v.
491 737 586 790 267.
607 743 649 776 et
670 733 811 791 Iphig.
837 734 971 774 Taur.
992 747 1033 772 v,
1055 743 1177 786 1103.
1210 733 1430 785 Τροχοειδῆ
1460 745 1582 772 voca-

115 811 199 843 tam
230 819 331 855 esse‚
362 814 507 846 auctor
542 814 603 845 est
634 802 879 844 Herodotus
912 814 949 851 2,
976 810 1068 854 170.
1117 799 1249 840 SCH.
1312 799 1380 840 De
1413 798 1585 855 Cyntho

115 879 256 912 monte
285 870 487 913 intellexit
517 869 756 912 scholiasta:
793 868 946 910 rectius
967 867 1019 908 de
1040 866 1160 908 litore
1181 865 1398 922 scopuloso
1419 865 1583 907 Wiese-

115 936 227 979 lerus
246 954 289 995 p.
311 952 354 994 3.
384 939 536 991 Δηλίας
564 937 753 992 χοιράδας
782 936 888 977 dixit
914 934 1066 991 Eurip.
1089 935 1164 975 Tr.
1188 933 1255 989 89.
1317 932 1457 975 Aliam
1489 949 1586 989 quae

115 1004 157 1046 in
179 1005 342 1047 scholiis
360 1006 522 1063 adjecta
541 1015 602 1047 est
622 1003 1020 1061 interpretationem,
1044 1002 1201 1053 Δηλίαν
1221 1018 1265 1042 τε
1285 1000 1454 1056 χοιράδα
1471 1017 1480 1042 z
1515 1000 1587 1052 τὴν

117 1075 382 1127 στρογγύλην,
398 1074 452 1115 ad
467 1075 613 1127 λίμνην
633 1088 718 1114 esse
739 1071 995 1114 referendam
1018 1070 1168 1112 docent
1184 1069 1261 1111 loci
1283 1070 1336 1111 ab
1359 1069 1586 1111 Schuetzio

117 1156 245 1198 supra
263 1141 446 1192 indicati,
467 1141 510 1183 in
530 1141 685 1198 quibus
705 1140 929 1194 τροχοειδὴς
949 1139 1039 1180 haec
1058 1138 1180 1195 palus
1200 1147 1385 1179 vocatur.

181 1223 248 1251 11.
285 1212 502 1264 Παρνησοῦ
532 1210 598 1251 Μ.
636 1208 749 1250 Rob.
782 1211 986 1258 πανησοῦς
1020 1206 1124 1247 Ald.
1168 1209 1415 1259 Παρνησσοΰ
1445 1206 1587 1263 vulgo.

119 1278 285 1319 Nomen
305 1278 383 1320 hoc
403 1278 578 1334 ejusque
598 1276 784 1318 derivata
803 1275 846 1316 in
867 1274 1011 1332 paucis
1034 1289 1131 1331 quae
1159 1285 1383 1331 supersunt
1413 1274 1589 1332 tragico-

118 1361 212 1387 rum
243 1345 443 1402 exemplis
469 1346 592 1386 modo
618 1345 832 1399 Παρνησός
858 1343 983 1385 modo
1002 1344 1220 1396 Παρνασός
1241 1342 1461 1385 scribitur:
1492 1358 1589 1399 quae

118 1413 395 1466 librariorum,
415 1429 497 1455 non
519 1423 734 1470 poetarum
757 1411 1032 1454 inconstantia
1052 1426 1138 1452 esse
1159 1410 1338 1452 videtur.
1395 1412 1494 1467 Ego
1514 1411 1590 1453 etsi

120 1482 305 1524 Ionicam
326 1482 501 1523 formam
523 1480 753 1523 rationibus
773 1480 1027 1537 quibusdam
1052 1479 1222 1520 defendi
1250 1495 1368 1536 posse
1387 1478 1588 1536 intelligo,

118 1550 296 1609 tragicos
321 1559 457 1592 tamen
486 1560 533 1591 ut
560 1548 603 1591 in
632 1548 721 1590 aliis
746 1547 958 1590 vocabulis
987 1546 1130 1589 multis
1158 1547 1217 1589 ita
1245 1547 1288 1589 in
1314 1547 1393 1589 hoc
1421 1562 1592 1604 quoque

120 1618 317 1660 Doricam
332 1617 508 1659 formam
530 1615 760 1673 praetulisse
780 1615 973 1658 arbitror.
1005 1616 1143 1666 Quam
1160 1614 1397 1658 Blomfieldi
1419 1629 1591 1672 quoque

121 1685 364 1729 sententiam
381 1700 468 1726 esse
487 1684 541 1726 ad
564 1683 754 1740 Choeph.
774 1685 876 1740 563.
899 1683 1148 1725 notavimus.

181 1757 398 1808 Παρνησοῦ
426 1753 460 1795 θ’
493 1753 622 1808 ἕδρας]
654 1752 822 1810 Quippe
852 1753 905 1794 ad
943 1752 1094 1810 pedem
1129 1752 1282 1794 montis
1312 1751 1486 1794 Parnasi
1516 1752 1595 1794 sita

125 1833 214 1864 erat
234 1822 335 1864 urbs
354 1820 527 1878 Delphi.
560 1821 784 1864 STANL.

185 1903 251 1934 12.
273 1889 491 1944 πέμπουσι]
516 1888 692 1944 Ubique
712 1888 905 1930 Athenas
926 1888 1161 1931 celebrandi
1180 1888 1431 1930 occasionem
1455 1897 1596 1945 captat

125 1957 370 2014 AEschylus,
390 1956 568 2012 ideoque
596 1956 663 1997 hic
692 1955 865 1998 artificio
895 1972 1056 1998 summo
1078 1956 1318 2012 Apollinem
1340 1957 1393 1998 ab
1414 1957 1596 1998 Atheni-

124 2026 294 2067 ensibus
322 2024 549 2066 deductum
580 2033 839 2066 commentus
868 2034 944 2075 est,
976 2034 1024 2066 ut
1053 2040 1222 2081 pompa,
1251 2040 1375 2080 quam
1406 2025 1597 2081 Delphos

125 2094 360 2145 mittebant,
382 2102 467 2135 tam
488 2092 654 2149 egregia
674 2101 716 2134 et
741 2092 890 2135 celebri
922 2093 1080 2150 origine
1110 2093 1186 2134 niti
1207 2092 1433 2134 videretur.
1496 2093 1597 2134 Pin-

126 2163 253 2204 darus
283 2177 382 2204 vero
417 2161 459 2202 in
494 2161 661 2203 laudem
693 2161 839 2217 patriae
875 2177 962 2202 suae
996 2177 1047 2202 ex
1087 2163 1288 2218 Tanagra
1324 2161 1512 2212 Boeotiae,
1550 2171 1598 2203 ut

125 2230 315 2273 observat
335 2229 571 2271 scholiastes
590 2239 744 2280 noster,
764 2229 915 2271 deduci
935 2229 1073 2271 finxit.
1134 2229 1296 2270 Verum
1328 2244 1422 2270 cum
1456 2238 1598 2271 nostro

125 2297 318 2340 convenit
347 2296 511 2354 Ephori
540 2296 711 2339 historia
739 2296 855 2354 apud
888 2296 1147 2347 Strabonem,
1171 2310 1210 2351 9.
1239 2312 1282 2353 p.
1304 2309 1402 2349 422.
1435 2296 1518 2338 καθ’
1551 2297 1598 2338 ὃν

127 2366 276 2419 χρόνον
295 2364 365 2406 τὸν
384 2363 627 2406 Ἀπόλλωνα
654 2365 724 2416 τὴν
751 2366 827 2418 γῆν
858 2365 1020 2405 ἐπιόντα
1049 2365 1219 2417 ἡμεροῦν
1250 2365 1339 2407 τοὺς
1370 2366 1599 2418 ἀνθρώπους

129 2433 207 2474 ἀπό
233 2449 275 2474 τε
300 2436 378 2473 τῶν
399 2431 602 2485 ἀνημέρων
624 2437 782 2485 καρπῶν
803 2433 865 2473 καὶ
893 2436 970 2473 τῶν
990 2433 1092 2483 βίων
1115 2434 1156 2483 ἐξ
1174 2431 1357 2483 Ἀθηνῶν
1377 2433 1599 2486 ὁρμηθέντα

131 2500 195 2541 ἐπὶ
221 2499 410 2552 Δελφοὺς
438 2500 582 2550 ταύτην
604 2499 704 2541 ἰέναι
733 2500 804 2551 τὴν
825 2499 919 2540 ὁδὸν
944 2497 969 2555 ᾗ
1000 2503 1070 2540 νῦν
1089 2498 1295 2552 Ἀθηναῖοι
1325 2500 1396 2552 τὴν
1417 2500 1599 2542 Πυθιάδα

128 2567 341 2619 πέμπουσι.
375 2567 599 2607 STANL.

186 2633 432 2688 σεβίζουσιν]
455 2634 681 2681 θεσπίζουσι
703 2633 799 2674 Par.

191 2714 254 2757 13.
292 2699 562 2741 κελευθοποιοὶ
593 2702 730 2742 παῖδες
759 2698 1006 2755 ἹΙφαίστου]
1047 2701 1180 2742 Recte
1211 2700 1507 2757 interpretatus
1538 2711 1600 2743 est

130 2767 418 2810 Wakefieldus
434 2767 610 2823 fibros,
643 2774 684 2806 et
718 2765 762 2807 id
796 2781 930 2821 genus
962 2767 1138 2808 artifices
1169 2769 1455 2819 mercenarios,
1490 2769 1599 2810 viam

130 2836 390 2886 salebrosam,
431 2834 576 2889 (addas
610 2834 731 2875 licet:
779 2833 972 2890 virgultis
1008 2834 1313 2892 fruticibusque
1347 2837 1521 2878 obsitam
1559 2847 1600 2878 et

128 2903 386 2961 impeditam)
424 2901 716 2958 difficilemque
754 2915 919 2958 pompae
955 2911 1196 2955 sternentes,
1229 2913 1271 2945 et
1304 2903 1601 2961 impedimenta

832 2982 907 3025 3U
