1962 3224
12 2539 18 2544 ‚
0 2388 14 2471 *qums-2
0 2348 12 2376 m·
0 2311 9 2337 ,mv
0 2285 9 2294 τ
0 2215 2 2217 v
0 2166 2 2171 -
0 2112 9 2155 =—.-.

0 2961 9 2967 ‘
0 2890 10 2926 ³¹·-
0 2703 17 2883 v-vqnwo-mfmfl

579 168 671 208 AD
701 167 1242 211 AGAMEMNONEM.
1563 169 1650 214 389

237 278 335 334 928.
357 273 460 319 Post
479 279 648 330 ὀλβίσαι
667 278 744 332 χρή
765 278 1100 320 subaudiendum
1122 280 1262 331 μόνον.
1317 278 1559 334 Respicitur
1577 278 1650 320 de-

177 354 389 387 cantatum
413 344 576 387 Solonis
594 345 772 397 dictum,
793 349 829 388 εἰ
849 347 892 387 δὲ
911 346 1010 399 πρὸς
1030 347 1206 388 τούτοισι
1232 347 1290 388 ἔτι
1319 346 1549 398 τελευτήσει
1578 345 1651 387 τὸν

178 414 273 465 βίον
293 414 348 465 εὖ,
369 414 482 457 οὗτος
502 415 651 457 ἐκεῖνος
670 413 718 456 ὃν
737 414 788 455 σὺ
809 413 969 466 ζητέεις,
989 415 1132 466 ὄλβιος
1162 417 1379 466 κεκλῆσθαι
1409 414 1517 465 ἄξιός
1547 415 1650 455 ἐστι.

178 482 271 535 πρὶν
301 481 332 524 δ’
364 482 415 524 ἂν
444 482 673 535 τελευτήσῃ,
711 482 928 537 ε’πισχέειν,
957 484 1056 535 μηδὲ
1089 483 1249 525 καλέειν
1280 501 1332 524 κω
1366 484 1525 534 ὄλβιον,
1558 480 1649 523 ἀλλ’

181 550 360 605 εὐτυχέα.
398 550 606 593 Herodot.
631 565 668 602 1,
690 565 759 607 32.
812 551 882 592 Cf.
916 552 1087 592 Barnes.
1119 551 1174 592 ad
1204 550 1357 608 Eurip.
1389 550 1530 592 Andr.
1556 563 1649 591 100.

182 618 417 661 BLOMF.

238 701 334 743 930.
355 687 568 741 πράσσοιμ’
593 687 662 745 ἂν]
683 687 958 730 Scribendum
981 687 1244 742 πράσσοιμεν.
1286 686 1435 729 Lectio
1455 687 1509 729 ab
1528 686 1653 729 libra-

178 756 249 798 riis
266 756 528 815 interpolata,
545 773 651 813 quos
665 772 864 799 numerus
885 757 1057 814 pluralis
1071 772 1166 799 cum
1189 756 1388 814 singulari
1404 756 1654 813 conjunctus

179 825 428 868 offendisset.
478 825 674 867 Similiter
693 826 809 883 apud
829 826 984 883 Eurip.
1002 826 1154 867 Phoen.
1181 837 1277 879 724.
1307 827 1342 867 εἰ
1363 824 1501 867 νυκτὸς
1522 825 1654 868 αὐτοῖς

179 894 482 947 προσβάλοιμεν
515 895 558 935 ἐκ
587 896 729 949 λόχου,
769 894 812 936 in
848 893 965 935 libris
1005 893 1258 950 quibusdam
1299 891 1568 946 προσβάλοιμ’
1603 891 1654 933 ἂν

180 961 379 1018 scriptum
401 971 465 1003 est
486 961 633 1004 soloece
653 971 826 1019 propter
839 962 1141 1019 praecedentem
1161 961 1412 1018 singularem
1435 960 1652 1014 τράπωμαι.

181 1029 294 1072 Ibid.
317 1031 418 1086 968.
441 1031 556 1074 αὐτὸς
576 1030 623 1082 δ’,
648 1033 692 1072 ἐν
713 1032 840 1086 ὡραίῳ
860 1033 938 1084 γὰρ
964 1031 1137 1083 ἕσταμεν
1155 1031 1247 1086 βίῳ,
1277 1029 1464 1081 θνήσκειν
1485 1029 1652 1080 ἕτοιμος.

182 1098 323 1155 Iphig.
346 1098 448 1140 Aul.
473 1099 570 1154 834.
595 1100 630 1140 εἰ
648 1100 848 1152 ψαύοιμεν
867 1100 923 1139 ὧν
946 1098 998 1151 μή
1022 1115 1089 1150 μοι
1110 1099 1232 1150 θέμις,
1255 1097 1328 1139 ubi
1349 1096 1443 1138 libri
1465 1094 1653 1136 nonnulli

180 1168 381 1220 ψαύοιμεν
402 1166 452 1208 ἂν
472 1168 539 1215 ὧν,
557 1182 655 1207 vera
674 1166 880 1223 scriptura
894 1181 989 1207 cum
1010 1166 1259 1223 interpolata
1278 1164 1442 1219 ψαύοιμ’
1465 1164 1514 1206 ἂν
1535 1165 1590 1205 ὧν
1608 1163 1653 1205 in

180 1249 312 1275 unum
332 1233 521 1276 conflata.
566 1233 664 1276 Ibid
704 1247 826 1286 1141.
847 1232 960 1276 πάντ’
983 1233 1071 1275 οἶδα
1101 1234 1165 1275 καὶ
1194 1231 1411 1286 πεπύσμεθ’
1433 1233 1459 1274 ἃ
1483 1232 1534 1275 σὺ
1552 1231 1651 1285 μέλ-

178 1306 264 1345 λεις
280 1318 332 1354 με
352 1305 462 1355 δρᾶν.

237 1369 302 1418 ἂν,
322 1369 534 1426 εὐθαρσὴς]
557 1370 653 1412 ἄνευ
672 1370 844 1424 θάρσους
864 1371 922 1411 Τ.

237 1448 336 1493 935.
359 1439 454 1493 936.
477 1441 588 1480 δοκεῖ
606 1437 827 1479 Stanleius.
860 1438 954 1490 δοκῇ
974 1437 1083 1480 libri.

239 1506 338 1562 936.
358 1506 569 1562 ποικίλοις]
591 1507 644 1548 V.
664 1506 719 1548 ad
738 1522 778 1548 v.
800 1507 899 1562 926.

237 1585 337 1629 937.
378 1575 592 1630 αἰδεσθεὶς]
641 1574 916 1616 Scribendum
950 1575 1137 1625 αἰδεσθῇς
1170 1582 1461 1630 punctumque
1492 1574 1535 1615 in
1569 1575 1652 1617 fine

177 1657 322 1683 versus
350 1642 608 1699 ponendum,
629 1642 746 1700 quod
764 1643 1007 1700 abjecerunt
1036 1642 1215 1683 editores
1244 1641 1470 1683 orationem
1501 1642 1653 1700 imper-

178 1710 330 1752 fectam
366 1726 453 1752 esse
485 1710 719 1752 indicaturi.
782 1710 907 1762 Quod
940 1709 1172 1766 AEschylus
1211 1709 1429 1767 scripserat
1465 1714 1652 1753 ΑΙΔΕΣ-

181 1782 313 1821 ΘΕΙΣ
333 1794 467 1835 quum
497 1789 540 1821 et
569 1780 767 1822 αἰδεσθείς
791 1788 834 1820 et
864 1780 1050 1831 αἰδεσθῇς
1076 1777 1307 1834 significare
1336 1779 1480 1835 possit,
1502 1779 1652 1821 rationi

178 1856 500 1888 consentaneum
521 1856 582 1889 est
603 1849 789 1899 αἰδεσθῇς
807 1846 1007 1903 praeferri.

237 1928 336 1970 942·
359 1916 515 1956 Versus
534 1924 770 1971 corruptus.
800 1913 904 1966 τήνδ’
929 1914 1109 1967 ἀδήριτος
1128 1913 1305 1970 conjecit
1325 1913 1540 1957 Butlerus.

238 1996 336 2038 944.
358 1982 598 2038 πρόδουλον]
619 1983 839 2035 πρόδουλος
858 1981 1097 2038 conjectura
1116 1981 1170 2022 ab
1192 1980 1376 2022 Stanleio
1395 1992 1638 2025 memorata.

238 2051 414 2103 ἔμΒαο-ιν
452 2051 590 2106 ποδός]
630 2051 670 2091 I.
692 2066 728 2092 e.
763 2051 867 2092 πόδα
902 2049 1147 2101 ἐμβαίνοντα
1180 2050 1390 2102 ἀρβύλαις,
1426 2065 1524 2106 quae
1556 2050 1653 2092 ideo

138 2117 144 2122 ’
179 2118 429 2161 dicebantur
450 2118 621 2171 ἐμβάδες
640 2117 707 2159 vel
730 2117 917 2170 ἐμβάται,
940 2132 1012 2158 seu
1033 2117 1174 2173 potius
1193 2118 1297 2158 πόδα
1317 2115 1347 2173 ᾧ
1367 2135 1425 2161 τις
1454 2119 1650 2170 ἐμβαίνει,

172 2188 298 2245 pedis
327 2188 568 2244 vestigium.
618 2186 771 2243 Eurip.
802 2185 955 2227 Bacch.
985 2197 1081 2240 739.
1118 2186 1285 2239 δίχηλον
1316 2185 1502 2237 ἔμβασιν,
1533 2186 1653 2228 bovis

174 2257 321 2313 pedem
341 2255 532 2309 Infidum.
579 2255 647 2296 De
667 2253 787 2295 soleis
805 2252 1008 2295 exuendis
1028 2252 1112 2294 vid.
1138 2252 1335 2295 Grotium
1356 2253 1410 2294 ad
1427 2253 1585 2295 Matth.
1607 2267 1650 2309 3,

180 2337 248 2365 11.
281 2322 480 2365 Gataker.
512 2323 569 2365 A.
594 2323 660 2365 M.
694 2335 733 2373 2,
769 2335 835 2377 19.
878 2321 1110 2363 BLOMF.
1186 2322 1291 2362 Post
1329 2322 1451 2364 ποδός
1488 2336 1651 2363 comma

179 2402 375 2448 ponatur.

238 2461 336 2514 946.
358 2459 453 2516 σὺν]
476 2459 540 2500 καὶ
561 2458 628 2500 Fl.
680 2457 810 2500 Scrib.
833 2457 906 2509 ξὺν
924 2472 1020 2498 cum
1043 2457 1244 2498 Porsono.

238 2532 321 2571 τοῖς
341 2527 400 2583 δὲ]
423 2527 698 2569 Scribendum
719 2529 858 2568 ταῖσδε
878 2540 973 2567 cum
997 2524 1200 2567 Heathio.

238 2606 336 2651 947.
367 2596 540 2648 ὄμματος
570 2595 736 2650 φθόνος]
766 2594 944 2635 Invidia
973 2608 1026 2634 ex
1057 2594 1156 2634 visu
1186 2599 1396 2649 concepta.
1426 2592 1504 2634 nisi
1534 2592 1652 2634 malis

180 2662 410 2719 intelligere
429 2662 514 2703 vim
544 2678 641 2718 quae
670 2662 909 2703 invidorum
939 2660 1070 2703 oculis
1097 2661 1348 2714 (βασκάνων)
1370 2660 1502 2702 inesse
1531 2670 1653 2717 puta-

179 2731 319 2773 batur.
364 2732 434 2772 De
452 2730 608 2772 invidia
626 2729 800 2772 deorum
820 2729 916 2771 vide
936 2729 990 2770 ad
1012 2730 1129 2770 Pers.
1151 2730 1249 2783 362.
1280 2729 1490 2781 πρόσωθεν
1509 2739 1652 2770 autem

179 2799 364 2856 intellige
384 2799 437 2840 de
457 2798 552 2840 Diis
580 2813 646 2840 res
670 2797 888 2839 hominum
910 2813 934 2838 e
956 2796 1187 2853 longinquo
1206 2795 1480 2837 intuentibus.
1532 2796 1653 2837 Infra

181 2879 278 2924 952.
309 2868 492 2908 Eumen.
515 2876 611 2922 297.
635 2867 745 2908 κλύει
760 2867 803 2908 δὲ
824 2866 889 2907 καὶ
907 2863 1116 2918 πρόσωθεν
1135 2864 1192 2906 ὢν
1211 2862 1312 2908 θεός.
1346 2863 1414 2906 Cf.
1436 2864 1651 2906 Prometh.

178 2948 278 2990 320.
311 2935 544 2978 BLOMF.
