1962 3224
659 165 749 206 AD
780 162 1174 206 EUMENIDES.
1564 159 1650 205 539

240 290 333 332 227.
355 277 564 334 σύντεμνε]
585 278 772 330 ξύντεμνε
792 277 911 320 scrib.
933 291 1030 318 eum
1054 277 1253 317 Porsono.

240 358 336 400 229.
355 348 463 399 παρὰ
483 347 707 388 Porsonus.
738 344 828 399 παρ’
851 344 955 387 Ald.
987 346 1067 398 πὰρ
1088 343 1229 401 vulgo.

234 413 364 469 λέγει]
385 413 486 470 λέγῃ
506 413 614 455 libri.

240 493 334 536 230.
356 482 463 537 ἄγει]
487 483 600 536 ἄγειν
622 483 687 524 Μ.
710 483 807 523 Par.
830 480 975 523 Guelf.
997 479 1101 522 Ald.

238 550 345 593 δίκας
383 551 483 603 (δίκη
520 551 594 604 Τ.)
631 550 783 604 μέτειμι
818 551 952 605 τόνδε]
988 551 1056 591 De
1090 548 1167 589 hac
1200 546 1509 589 constructione
1542 545 1653 587 dixit

181 618 329 660 Elmsl.
351 618 403 660 ad
426 617 576 675 Eurip.
600 617 768 660 Heracl.
793 618 889 674 852.

242 700 336 743 231.
359 686 653 743 κακκυνηγέτις]
677 686 962 740 κακκυνηγέτης
979 685 1045 727 Μ.
1064 684 1207 727 Guelf.
1226 683 1331 726 Ald.
1356 684 1419 725 καὶ
1440 682 1652 737 κυνηγέτης

182 756 279 797 Par.
310 756 374 796 καὶ
405 755 607 810 κυνηγέτις
636 756 772 797 Turn.
805 754 948 811 Steph.
981 752 1016 808 γ’
1039 754 1091 797 ὦς
1122 752 1333 806 κυνηγέτης
1353 753 1408 793 Τ.
1443 753 1506 793 καὶ
1537 769 1650 804 κυνη-

180 827 282 877 γετῶ
312 823 532 874 Stanleius,
558 833 667 865 recte
698 822 775 864 nisi
805 822 920 880 quod
950 823 1222 875 κάκκυνηγετῶ
1250 821 1429 863 scribere
1458 820 1653 872 debebat,

180 891 296 948 quod
316 891 457 949 posuit
479 892 762 934 Hermannus.

242 972 338 1015 232.
361 959 391 1001 δ’
414 960 560 1015 ἀρήξω]
587 959 618 1002 δ’
641 959 700 1014 ἄρ’
720 958 801 1012 ἥξω
823 961 881 1000 Τ.

242 1041 336 1083 233.
359 1028 480 1084 θεοῖς]
503 1031 630 1070 θεοῖο-ι
650 1029 718 1070 Μ.
741 1026 888 1070 Guelf.
911 1026 1016 1068 Ald.

242 1109 338 1153 234.
362 1097 414 1151 εἰ]
437 1096 486 1148 ἢν
509 1098 733 1138 Porsonus.

243 1174 339 1220 235.
380 1164 626 1206 Notandum
665 1174 739 1216 est,
773 1178 935 1206 scenam
969 1163 1058 1220 jam
1094 1162 1288 1204 Athenas
1322 1161 1564 1204 translatam
1596 1161 1655 1202 sic

183 1232 359 1283 institui,
375 1242 423 1274 ut
441 1232 576 1291 primo
596 1233 763 1274 Orestes
784 1231 893 1274 solus
912 1231 1189 1289 conspiciatur
1208 1231 1250 1272 in
1271 1230 1427 1288 templo
1444 1229 1655 1272 Minervae

184 1300 362 1358 supplex
397 1301 487 1358 ejus
522 1299 786 1342 simulacrum
819 1315 1046 1352 venerans;
1092 1299 1219 1357 paulo
1251 1309 1346 1357 post
1379 1307 1519 1340 autem
1557 1312 1653 1340 eum

183 1379 489 1425 consequantur
523 1368 792 1420 Eumenides,
826 1383 923 1424 quae
962 1367 1080 1409 initio
1115 1367 1284 1424 quidem
1327 1382 1422 1409 eum
1465 1366 1655 1408 nondum

181 1437 313 1479 oculis
331 1436 603 1494 conspiciunt,
626 1436 697 1478 sed
719 1435 892 1493 vestigia
912 1446 1074 1478 tantum
1103 1435 1315 1493 sanguinis
1340 1435 1529 1477 odoratae
1557 1449 1652 1476 eum

183 1504 295 1547 haud
327 1505 472 1562 procul
502 1505 643 1547 abesse
670 1503 905 1561 conjiciunt,
934 1504 1067 1546 donec
1095 1519 1192 1545 eum
1224 1520 1266 1546 v.
1292 1505 1389 1560 258.
1412 1519 1502 1560 sqq.
1524 1503 1656 1546 oeulis

183 1589 353 1630 quoque
372 1572 699 1630 deprehendant.
734 1573 800 1615 SC
808 1573 865 1614 H.

245 1643 341 1698 236.
371 1641 592 1698 ἀλάστορα]
624 1642 763 1683 Reum
795 1656 837 1682 se
866 1639 992 1682 caedis
1021 1640 1257 1691 confitetur,
1286 1647 1411 1697 negat
1441 1651 1581 1682 autem
1613 1657 1656 1683 se

184 1709 325 1751 adhuc
344 1711 638 1764 προστρόπαιον
655 1710 683 1751 i.
704 1725 740 1751 e.
760 1708 926 1766 piaculo
946 1708 1154 1766 pollutum
1176 1723 1276 1750 esse.
1310 1709 1447 1751 SCH.

247 1789 342 1835 237.
364 1777 443 1820 οὐδ’
466 1779 716 1831 ἀφοίβαντον
733 1776 854 1834 χέρα]
877 1776 905 1818 i.
926 1792 959 1818 e.
981 1776 1217 1830 ἀκάθαρτον.
1239 1777 1427 1832 Hesyck.
1457 1777 1594 1819 SCH.

247 1847 341 1902 238.
373 1846 484 1902 πρὸς]
515 1845 713 1887 Notanda
742 1844 980 1902 praepositio
1009 1844 1051 1885 in
1081 1845 1164 1886 fine
1194 1859 1337 1886 versus
1366 1844 1580 1896 collocata,
1609 1855 1658 1887 ut

187 1913 302 1971 apud
335 1914 464 1971 Soph.
494 1913 600 1955 OEd.
622 1913 712 1955 Col.
733 1926 832 1970 495.
863 1914 1050 1965 λείπομαι
1083 1914 1160 1966 γὰρ
1191 1914 1238 1954 ἐν
1262 1912 1271 1969 Ι
1296 1915 1349 1968 τῷ
1379 1912 1433 1965 μὴ
1466 1914 1660 1955 δύνασθαι

187 1980 274 2033 μηδ’
297 1983 408 2034 ὁρᾶν,
428 1985 536 2023 δυοῖν
557 1984 703 2023 κακοῖν.
766 1980 887 2022 Idem
908 1980 950 2021 in
976 1979 1151 2022 articulo
1170 1980 1249 2022 sibi
1270 1980 1480 2022 interdurn
1511 1982 1661 2038 permi-

190 2058 332 2090 serunt
354 2048 509 2105 tragici.
1035 2092 1041 2099 ‚

247 2116 338 2159 ἀλλ’
361 2118 520 2170 ἀμβλὺν
539 2117 626 2173 ἤδη]
646 2117 718 2158 sed
727 2117 828 2173 jam
848 2117 1039 2158 obtusum
1059 2122 1098 2158 et
1113 2117 1242 2173 probe
1260 2118 1536 2159 exercitatum
1557 2118 1658 2160 aliis

191 2187 238 2226 in
268 2186 429 2228 cedi-bus
463 2187 766 2243 multorumque
795 2184 1023 2235 hominum,
1055 2199 1157 2241 quos
1185 2186 1501 2241 purfficationis
1531 2201 1662 2228 causa

188 2254 292 2305 adii,
313 2255 649 2296 salutationibus.
713 2252 857 2309 Fingit
887 2252 1082 2295 nimirum
1105 2252 1336 2310 AEschylus
1364 2254 1557 2295 Orestem
1588 2269 1661 2296 an-

191 2331 357 2376 tequam
379 2322 502 2376 1058.
524 2321 715 2363 Athenas
735 2320 892 2362 veniret
912 2320 953 2362 in
975 2320 1120 2362 itinere
1150 2320 1324 2362 solemni
1351 2320 1435 2363 ritu
1464 2336 1546 2363 non
1576 2337 1662 2363 uno

191 2387 233 2428 in
264 2389 356 2430 loco
374 2388 500 2430 caedis
520 2398 716 2431 maternae
739 2389 902 2445 piaculo
922 2389 1188 2446 purificatum
1216 2405 1314 2432 esse.
1376 2390 1510 2447 Apud
1533 2391 1660 2432 Troe-

193 2455 330 2497 zenios
363 2455 407 2499 id
437 2457 593 2498 factum
625 2473 711 2499 esse
745 2467 886 2499 narrat
922 2458 1150 2499 Pausanias
1184 2458 1376 2500 Corinth.
1410 2474 1451 2514 p.
1487 2470 1556 2513 74.
1590 2458 1659 2500 ed.

195 2523 336 2579 Sylb.:
368 2527 450 2565 Τοῦ
473 2525 515 2566 δὲ
537 2526 642 2578 ἱεροῦ
661 2527 730 2566 τοῦ
745 2524 1006 2569 Ἀπόλλωνός
1028 2527 1138 2567 ἐστιν
1158 2527 1397 2582 οἰκοδόμημα
1417 2526 1658 2580 ἔμπροσθεν,

191 2590 386 2644 Ὀρέστου
414 2594 660 2644 καλούμενον
680 2593 816 2645 σκηνή.
847 2594 939 2646 πρὶν
968 2595 1045 2646 γὰρ
1076 2593 1141 2634 ε’πὶ
1170 2596 1222 2649 τῷ
1254 2595 1387 2645 αἵματι
1419 2597 1662 2647 καθαρθῆναι

192 2662 259 2711 τῆς
277 2659 432 2712 μητρὸς,
453 2662 690 2713 Τροιζηνίων
716 2662 843 2704 οὐδεὶς
871 2662 1064 2714 πρότερον
1092 2660 1240 2713 ἤθελεν
1270 2661 1390 2703 αὐτὸν
1420 2664 1512 2717 οἴκῳ
1544 2662 1659 2714 δέξα-

192 2731 300 2768 σθαι·
334 2728 567 2771 καθίσαντες
595 2729 639 2769 δὲ
670 2729 839 2770 ἐνταῦθα
870 2727 1078 2781 ἐκάθαιρον
1105 2728 1168 2769 καὶ
1189 2730 1358 2776 εἱστίων,
1382 2730 1423 2772 ἐς
1444 2729 1466 2769 ὃ
1489 2729 1659 2784 ἀφήγνι-

192 2797 509 2848 σαν.-καθῆραι
528 2794 573 2836 δέ
592 2800 720 2849 φασιν
737 2794 935 2848 Ὀρέστην
955 2797 1182 2849 καθαρσίοις
1203 2797 1266 2837 καὶ
1295 2797 1436 2840 ἄλλοις
1463 2797 1528 2839 καὶ
1550 2799 1661 2840 ὕδατι

194 2863 272 2905 ἀπὸ
306 2866 373 2916 τῆς
402 2864 521 2905 ἵππου
552 2863 703 2917 κρήνης.
764 2863 1018 2920 Metaphora
1048 2863 1089 2904 in
1122 2864 1282 2917 ἀμβλὺν
1312 2864 1368 2906 sic
1401 2864 1660 2922 explicanda.

196 2931 313 2974 Sicut
342 2931 440 2974 ferri
467 2932 576 2974 acies
605 2932 751 2975 crebra
779 2931 967 2974 frictione
1002 2931 1254 2984 retunditur,
1287 2932 1344 2975 sic
1373 2933 1479 2976 acies
1507 2933 1660 2992 piaculi
1736 2935 1739 2939 ’

860 3012 988 3056 3r2
