1962 3224
623 169 715 210 AD
744 166 1140 208 EUMENIDES.
1531 163 1618 207 565

155 282 295 331 Quare
314 295 413 322 vero
432 294 526 321 cum
548 277 695 320 calculi
725 277 815 334 pari
844 291 1019 318 numero
1045 275 1274 318 accusatori
1295 284 1337 316 et
1357 290 1428 317 reo
1447 275 1621 326 fuerint,

155 363 269 389 reum
293 347 453 390 vincere
482 346 683 388 sancitum
705 346 772 397 sit,
795 347 859 387 διὰ
877 346 918 386 τί
934 361 1031 386 ποτε
1048 345 1145 386 ὅταν
1167 344 1231 385 καὶ
1251 344 1304 399 τῷ
1335 344 1527 397 φεύγοντι
1556 345 1621 385 καὶ

155 419 208 472 τῷ
229 417 404 457 διώκοντι
422 415 640 469 φαίνωνται
659 417 793 468 ψῆφοι
821 416 920 461 ἴσαι,
943 414 1105 467 φεύγων
1133 415 1234 467 νικᾷ,
1266 411 1408 469 plures
1438 412 1621 469 assignat

154 483 332 525 rationes
351 481 596 524 Aristoteles
617 482 760 523 Probl.
785 494 853 538 29,
880 495 947 538 13.
980 482 1206 522 STANL.

215 561 308 606 755.
331 551 394 591 καὶ
413 549 500 605 γῆς]
524 548 798 591 Scribendum
821 549 948 602 γαίας.

214 628 310 674 757-
332 618 448 673 ἀνὴρ]
473 618 570 671 ἀνὴρ
592 616 700 659 libri-

214 687 310 739 760.
331 687 519 741 σωτῆρος]
544 685 678 727 Jovis.
711 686 763 727 V.
785 684 933 741 Eurip.
959 685 1087 725 Herc.
1109 684 1141 725 f.
1163 684 1234 735 48.
1260 683 1507 725 WAKEF.

215 755 311 808 762.
333 754 508 809 στρατῷ]
532 754 708 811 Populo.

215 823 311 878 763.
341 822 386 862 τὸ
415 821 836 875 λοιπὸν-πλειστήρη
867 821 1035 878 χρόνον]
1071 822 1203 862 Recte
1230 829 1399 862 auctore
1436 819 1623 861 Heathio

159 889 355 932 vertitur:
388 891 596 947 Deinceps
615 891 664 932 in
683 904 801 932 omne
811 891 1026 946 futurum
1047 895 1224 946 tempus,
1245 889 1439 946 quamvis
1459 889 1622 945 longis·

158 960 310 1000 simum
328 961 397 1001 sit.
430 960 562 1001 SCH.
611 958 831 1012 πλεισθήρη
853 957 996 999 Guelf.
1020 958 1157 999 Turn.
1188 957 1408 1010 πλεισθήρῃ
1428 957 1534 999 Ald.

215 1029 378 1082 χρόνον]
403 1028 535 1083 χρόνῳ
555 1026 658 1069 Ald.

218 1097 315 1149 766.
339 1097 515 1137 ἐποίσειν
540 1096 608 1136 Μ.
630 1097 726 1137 Par.
750 1095 863 1137 Rob.
886 1095 1032 1152 Steph.
1073 1097 1247 1137 ἐπείσειν
1270 1095 1415 1137 Guelf.
1459 1094 1624 1148 ἐσήσειν

159 1162 263 1205 Ald.
287 1164 424 1205 Turn.
458 1169 486 1188 ‘⁶
505 1163 624 1205 Idem
639 1164 926 1220 juramentum
948 1164 989 1204 in
1012 1163 1230 1220 Euripidis
1253 1163 1402 1221 Suppl.
1424 1177 1546 1220 1190.

331 1264 351 1304 6
373 1261 405 1304 δ’
427 1263 542 1316 ὅρκος
561 1263 674 1305 ἔσται
692 1262 830 1316 μήποτ’
851 1262 1054 1317 Ἀργείους
1074 1265 1203 1318 χθόνα

332 1333 387 1375 εἷς
405 1331 508 1383 ‘Nive’
531 1333 708 1374 ἐποίσειν
728 1331 922 1385 πολέμιον
941 1333 1197 1386 παντευχίαν,

329 1401 467 1442 ἄλλων
486 1399 516 1442 τ’
540 1402 695 1452 ἰόντων,
718 1402 897 1453 ἐμποδὼν
919 1402 1057 1452 θήσειν
1077 1401 1206 1454 δόρυ.”
1239 1402 1464 1444 STANL.

217 1508 457 1563 767—774.
491 1508 601 1550 αὐτοὶ
635 1507 1060 1563 γὰρ-εὐμενέστεροι]
1098 1509 1252 1550 Versus
1282 1523 1363 1550 non
1393 1508 1626 1565 AEschylei,

160 1575 231 1618 sed
258 1576 311 1618 ab
340 1575 506 1617 homine
538 1575 680 1632 scripti
704 1575 779 1632 qui
805 1591 902 1632 quae
933 1575 1114 1618 breviter
1142 1577 1408 1633 graviterque
1438 1577 1626 1619 versibus

160 1643 489 1701 praecedentibus
521 1643 685 1686 dixerat
718 1643 948 1700 AEschylus
979 1643 1231 1700 loquacitate
1266 1661 1341 1687 sua
1372 1645 1625 1702 ineptissime

161 1712 365 1762 dilatavit,
394 1712 578 1754 oratione
614 1727 714 1754 usus
743 1727 871 1768 quam
903 1712 1123 1755 emendare
1162 1714 1320 1756 frustra
1350 1714 1487 1756 conati
1528 1724 1626 1757 sunt

161 1779 304 1821 critici.

222 1847 317 1900 768.
338 1848 623 1904 παρβαίνουσι]
646 1847 890 1900 παρμένουσι
912 1848 1009 1889 Par.

221 1916 317 1968 769.
339 1913 596 1969 ἀμηχάνοισι]
619 1914 834 1968 ἀμηχάνοις
855 1915 921 1957 Μ.
944 1915 1088 1956 Guelf.
1111 1915 1216 1956 Ald.

220 1981 433 2037 πράξομεν]
455 1982 571 2023 Male
591 1997 665 2038 per
685 1983 983 2034 τιμωρησόμεθα
1002 1983 1181 2039 explicat
1202 1982 1434 2025 scholiasta.
1476 1986 1628 2041 Neque

164 2048 272 2089 enim
302 2048 580 2090 dubitandum
613 2050 714 2105 quin
750 2050 817 2091 hic
856 2061 980 2106 poeta
1013 2050 1240 2092 orationem
1279 2066 1395 2091 suam
1437 2051 1493 2092 sic
1532 2067 1629 2094 con-

166 2116 378 2167 struxerit,
401 2121 481 2160 τοῖς
497 2118 763 2170 παρβαίνουσι
782 2117 982 2171 πράξομεν
1003 2119 1053 2162 ὦς
1074 2120 1227 2160 αὐτοῖσι
1247 2118 1450 2175 μεταμέλῃ
1469 2122 1601 2164 πόνος.

225 2186 324 2226 Post
345 2187 596 2237 δυσπραξίαις
615 2201 775 2227 comma
794 2196 904 2228 recte
924 2187 1063 2243 posuit
1085 2189 1220 2229 Turn.

225 2264 320 2307 770.
341 2254 600 2309 παρόρνιθας]
623 2253 712 2307 παρ’
736 2256 892 2307 ὄρνιθας
914 2255 1055 2297 Guelf.
1078 2255 1182 2297 Ald.
1205 2258 1344 2298 Turn.

225 2333 320 2374 772.
343 2321 609 2376 ὀρθουμένων]
634 2322 885 2374 ὁρθουμένοις
907 2325 1043 2366 Turn.

226 2399 322 2443 773.
343 2389 422 2442 ἀεὶ]
447 2389 523 2430 αἰεὶ
545 2389 654 2430 Rob.
679 2391 815 2432 Turn.
838 2391 986 2448 Steph.

227 2467 322 2510 774.
363 2456 501 2511 ε’σμεν]
542 2458 696 2510 ἐσόμεθ’
738 2459 876 2514 potius
909 2458 1045 2501 dicere
1079 2460 1273 2512 debebat,
1309 2461 1424 2518 quod
1456 2461 1630 2519 conjecit

171 2523 395 2564 Heathius.

227 2591 513 2647 εὐμενέστεροι]
534 2593 818 2647 ἆσμενέστεροι
838 2595 952 2637 Rob.

227 2670 322 2715 775.
346 2660 521 2701 Comma
540 2675 621 2701 non
642 2671 735 2716 post
754 2663 866 2710 λεὼς,
889 2663 960 2704 sed
980 2673 1075 2720 post
1096 2668 1212 2718 χαῖρε
1232 2665 1329 2721 poni
1350 2665 1542 2708 debebat.

229 2737 325 2779 779.
346 2726 489 2781 χερῶν]
510 2730 654 2780 χειρῶν
675 2727 776 2768 Ald.

229 2795 325 2847 780.
358 2794 452 2835 810.
483 2794 523 2849 ἡ]
556 2794 827 2836 Scribendum
863 2799 888 2837 ἁ
919 2807 958 2839 et
985 2797 1265 2855 interpunctio
1289 2810 1383 2857 post
1413 2803 1632 2855 βαρύκοτος

172 2859 363 2902 delenda.

235 2928 332 2981 782.
365 2930 423 2972 ἰοὺ
445 2931 538 2986 ἰοὺ,]
567 2930 841 2972 Scribendum
864 2932 924 2973 ἱὸν
946 2932 1007 2974 ἰὸν
1026 2949 1078 2975 ex
1100 2935 1166 2976 M.
1191 2933 1346 2986 Guelf.,
1367 2935 1503 2980 deleto
1522 2954 1632 2982 com-
