1962 3224
362 196 446 236 404
830 198 1324 239 ANNOTATIONES

359 299 585 350 Ammonii,
610 310 655 341 ut
674 301 847 351 videtur,
868 312 1118 358 praeceptum
1147 302 1206 358 (p.
1231 302 1342 354 108.)
1373 310 1548 351 secutuS‚
1576 302 1693 354 ὄχθαι
1720 303 1794 352 μὲν

360 369 542 417 ποταμῶν
561 367 689 420 χείλη,
712 369 824 421 ὅχθοι
850 369 892 408 δὲ
919 368 1118 421 ἐπάρματα
1145 370 1229 421 γῆς·
1261 367 1372 423 quod
1402 367 1617 408 discrimen
1646 367 1796 422 saepius

359 432 591 488 neglectum
611 448 695 474 esse
714 449 739 474 a
758 433 887 489 poetis
905 443 998 489 post
1017 433 1115 475 alios
1134 433 1310 474 ostendit
1330 433 1563 474 Ellendtius
1582 434 1623 473 in
1639 433 1795 474 Lexico

364 498 603 555 Sophocleo.

420 579 438 606 1
453 567 541 607 162.
573 567 674 607 Post
699 567 874 619 ἐφημίσω
895 566 1055 621 signum
1076 566 1351 621 interrogandi
1372 577 1480 607 reete
1499 566 1636 622 posuit
1655 566 1794 606 Blom-

360 631 518 672 fieldus.

419 711 437 738 1
451 699 539 752 163.
558 699 678 750 1164.
700 707 740 739 et
757 708 876 751 1174.
898 710 1018 751 1175.
1040 698 1080 738 in
1102 714 1229 739 unum
1253 713 1412 739 versum
1434 698 1723 754 conjungendi.

420 778 436 804 1
449 766 542 819 163.
565 765 792 819 ἀνθρώπων]
815 766 1067 819 Corruptum
1088 781 1139 805 ex
1160 765 1208 806 ἂν
1229 767 1365 806 κλύων.

420 833 540 882 1164.
572 831 683 884 ὑπαὶ]
716 831 790 871 ὑπὸ
821 831 884 870 Fl.
915 832 1017 871 Ven.
1079 832 1130 871 In
1165 831 1267 883 ἧπαρ
1301 830 1543 871 mutandum
1579 829 1796 871 videbatur

362 899 551 938 Cantero.

420 965 539 1017 1165.
563 965 681 1004 1166.
703 972 744 1004 et
763 965 881 1017 1176.
906 974 1023 1017 1177.
1044 964 1085 1004 in
1107 978 1234 1004 unum
1256 978 1415 1004 versum
1437 962 1725 1018 conjungendi.

421 1032 540 1084 1165.
574 1030 783 1084 δυσαλγεῖ]
811 1033 1003 1083 δυσαγγεῖ
1030 1031 1094 1070 Fl.
1125 1031 1181 1070 T.
1211 1030 1352 1086 Steph.
1413 1029 1662 1070 Emendavit
1687 1030 1795 1070 Can-

361 1106 485 1138 terus.

416 1166 556 1216 μινυρὰ
578 1163 832 1204 Schuetzius.
863 1165 1003 1215 μινυρὰ
1024 1165 1120 1204 κακὰ
1139 1162 1245 1202 libri.

421 1231 542 1271 1166.
584 1229 786 1284 θραύματ’]
825 1229 1092 1270 Scribendum
1131 1228 1304 1281 θαύματ’,
1335 1229 1447 1285 quod
1480 1229 1632 1285 legitur
1662 1228 1705 1268 in
1735 1229 1793 1270 T.

360 1298 443 1338 sive
463 1312 513 1337 ex
532 1296 830 1351 antiquioribus
848 1296 961 1337 libris
981 1297 1063 1337 sive
1086 1312 1136 1337 ex
1161 1297 1395 1351 conjectura
1415 1296 1612 1337 Triclinii.
1670 1296 1796 1350 Ejus-

361 1364 453 1404 dem
484 1363 726 1418 corruptelae
755 1363 986 1418 exemplum
1018 1372 1078 1403 est
1106 1362 1147 1403 in
1177 1362 1319 1417 glossis
1342 1362 1477 1402 Photii
1506 1372 1546 1403 et
1565 1363 1708 1417 Etym.
1730 1362 1794 1402 M.

361 1432 560 1484 θραύματα
577 1447 585 1471 :
619 1430 958 1483 νευροσπάσματα,
980 1446 1004 1470 a
1025 1429 1269 1470 Blomfieldo
1289 1428 1488 1470 indicatis.

422 1499 543 1551 1167.
566 1499 710 1540 πόλεος
730 1497 798 1538 Fl.
821 1499 876 1539 T.
899 1499 1002 1538 Ven.
1032 1499 1183 1540 πόλεως
1205 1497 1348 1552 Steph.

418 1564 628 1619 ὀλομένας]
661 1564 862 1616 ὀλωμένας
892 1563 956 1605 Fl.
991 1565 1088 1605 Ven.
1119 1564 1333 1615 ὀλουμένας
1358 1564 1412 1603 Τ.
1444 1561 1585 1618 steph.
1645 1562 1798 1602 Emen-

362 1630 504 1672 datum
526 1631 578 1671 ab
600 1630 858 1671 Casaubono.

424 1698 543 1738 1168.
568 1699 782 1750 πρόπυργοι
806 1696 950 1751 θυσίαι]
971 1697 1104 1738 Sacra
1128 1710 1209 1751 pro
1238 1697 1426 1736 turribus
1436 1696 1581 1750 ficta,
1611 1695 1637 1736 i.
1658 1710 1692 1736 e.
1722 1709 1800 1750 pro

363 1764 491 1805 salute
512 1764 636 1804 urbis.
698 1764 842 1804 Minus
864 1773 972 1804 recte
1004 1763 1218 1812 Stanleius,
1239 1764 1446 1817 sacrificia
1474 1762 1796 1803 antemoenialia.

363 1832 589 1873 BLOMF.

422 1911 543 1953 1170.
566 1899 798 1953 ἐπήρκεσαν]
822 1897 1091 1939 Scribendum
1113 1897 1326 1950 ἐπήρκεσεν
1345 1912 1439 1938 cum
1461 1895 1717 1938 Blomfieldo.

425 1978 546 2020 1171.
569 1966 652 2020 ἔχει
672 1967 872 2006 Auratus.
903 1965 1010 2018 ἔχειν
1029 1964 1135 2005 libri.

425 2043 545 2087 1172.
585 2032 808 2087 θερμόνους]
847 2032 1031 2072 Mentem
1069 2032 1341 2087 inflammata,
1377 2044 1433 2070 sc.
1468 2028 1608 2070 affiatu
1646 2027 1799 2068 divino.

366 2100 594 2141 BLOMF.

423 2168 467 2208 ἐν
486 2166 588 2220 πέδῳ
610 2164 890 2206 Casaubonus.
922 2163 1072 2218 ἐμπέδῳ
1091 2163 1197 2204 libri.

421 2233 551 2287 βαλῶ]
576 2231 896 2287 Intelligendum
917 2230 1095 2282 ἐμαυτήν.
1126 2228 1274 2284 Eurip.
1297 2228 1469 2284 Cyclop.
1485 2237 1582 2280 571.
1605 2228 1660 2269 εἰς
1677 2227 1801 2268 ὕπνον

367 2303 519 2351 βαλεῖς,
542 2313 595 2339 sc.
617 2299 798 2339 σεαυτόν.
830 2297 1058 2337 BLOMF.

428 2375 548 2419 1173.
568 2365 790 2417 προτέροισι
811 2363 1017 2404 Pauwius.
1047 2361 1247 2415 προτέροις
1265 2359 1368 2400 libri.

429 2442 549 2483 1174.
583 2431 644 2472 καὶ
673 2432 730 2473 τίς
757 2429 823 2485 σε]
855 2428 1124 2470 Scribendum
1156 2429 1221 2468 καί
1246 2428 1303 2470 τίς
1332 2444 1380 2468 σε
1408 2437 1449 2468 et
1481 2435 1680 2468 commate
1709 2436 1802 2483 post

370 2500 562 2551 ἐμπίτνων
582 2497 756 2547 sublato,
777 2505 977 2552 punctum
996 2505 1090 2551 post
1110 2495 1360 2547 θανατοφόρα
1379 2495 1629 2550 ponendum.

425 2567 481 2608 τίς
500 2582 548 2605 σε
567 2564 632 2605 Fl.
656 2565 757 2605 Ven.
789 2565 844 2606 τίς
864 2580 912 2603 σε
933 2564 995 2604 καὶ
1015 2562 1154 2617 vulgo.

428 2634 679 2684 κακοφρονῶν
700 2629 953 2671 Schuetzius.
985 2631 1241 2680 κακοφρονεῖν
1258 2626 1363 2667 libri.

429 2709 551 2752 1175.
582 2696 745 2752 δαίμων]
773 2698 918 2748 δαίμων
937 2699 1042 2737 ποιεῖ
1060 2695 1113 2735 Τ.
1145 2709 1196 2734 ex
1220 2693 1460 2749 glossemate
1488 2693 1542 2734 ad
1571 2694 1698 2744 τίθησι
1725 2691 1800 2733 ad-

371 2765 533 2820 scripto.

427 2830 663 2885 ὑπερβαρὴς]
684 2829 902 2882 ὑπερβαρὺς
923 2830 977 2869 Τ.

429 2898 621 2949 ἐμπίτνων
642 2895 919 2937 Blomfieldus.
952 2896 1143 2946 ἐμπιτνῶν
1162 2892 1266 2934 libri.
