1962 3224
351 208 435 249 414
819 208 1237 250 ANNOTATION
1241 208 1312 249 Es

410 328 706 373 1344—1371.
748 319 799 359 In
837 318 901 360 his
931 319 1114 360 versibus
1148 319 1327 375 singulas
1359 317 1472 359 chori
1502 332 1693 374 personas
1728 317 1784 358 Ιο-

349 394 520 441 quentes
566 384 773 426 introduci
821 385 1080 427 manifestum
1129 395 1202 433 est,
1238 385 1479 441 monuitque
1518 386 1785 425 Hermannus

350 452 504 507 Opusc.
529 451 610 491 vol.
634 463 670 492 2.
692 466 733 506 p.
755 465 846 506 131.
867 461 1076 506 praeeunte
1097 452 1308 493 scholiasta
1328 450 1618 506 Aristophanis
1638 449 1784 504 Equit.

347 518 447 571 586.
465 516 537 572 qui
558 526 604 557 ut
624 516 855 571 quindecim
877 517 988 557 chori
1010 518 1149 573 tragici
1170 532 1360 573 personas
1376 517 1502 557 fuisse
1520 516 1783 562 demonstret,

349 582 536 638 AEschyli
553 582 873 637 Agamemnonis
893 582 1079 638 exemplo
1102 582 1241 624 utitur.
1273 584 1350 623 Est
1367 582 1493 638 igitur
1509 596 1647 623 versus
1663 594 1784 636 1344.

348 652 535 702 χορευτοῧ
556 647 604 695 α’,
626 649 746 702 1346.
767 653 953 701 χορευτοῦ
966 647 1021 700 β’,
1042 660 1160 704 1347.
1182 653 1367 703 χορευτοΰ
1388 647 1438 701 γ’.
1471 650 1584 689 Tum
1607 662 1784 702 sequun-

349 723 418 755 tur
437 714 650 755 duodecim
673 715 919 755 senariorum
941 715 1054 770 paria
1068 716 1173 756 inter
1188 715 1364 770 reliquas
1380 714 1659 756 distribuenda
1672 713 1785 754 chori

349 795 554 836 personas.

412 855 532 900 1345.
566 846 661 896 ὤμοι
692 845 784 897 μάλ’
819 847 937 894 αὖθις,
971 850 1003 887 δ.
1035 848 1096 903 π.]
1136 848 1187 887 In
1223 846 1468 888 editionibus
1502 846 1784 902 distinguitur,

352 911 459 962 ὤμοι,
480 911 570 963 μάλ’
595 913 700 954 αὖθις
729 912 910 964 δευτέραν
935 913 1220 965 πεπληγμένος.
1279 914 1373 954 Vid.
1408 914 1620 970 Sophoclis
1648 913 1783 954 locum

351 977 474 1018 modo
505 978 687 1018 citatum.
720 978 904 1033 Choeph.
935 979 1028 1034 873.
1059 981 1173 1030 οἴμοι,
1203 981 1398 1031 πανοίμοι,
1430 981 1620 1021 δεσπότου
1651 986 1787 1019 τελου-

349 1043 480 1096 μένου.
512 1046 628 1095 Οἵμοι
656 1044 746 1095 μάλ’
775 1045 883 1087 αὖθις
913 1046 956 1085 ἐν
985 1046 1124 1097 τρίτοις
1155 1046 1467 1098 προσφθέγμασι.
1501 1046 1649 1101 Eurip.
1679 1046 1785 1086 Hec.

355 1110 475 1150 1026.
496 1109 603 1160 ὤμοι,
625 1113 845 1161 τυφλοῦμαι
870 1109 1019 1162 φέγγος
1045 1110 1225 1162 ὀμμάτων
1244 1110 1378 1153 τάλας.
1403 1109 1527 1161 Ὤμοι
1554 1110 1645 1162 μάλ’
1667 1111 1785 1153 αὖθις.

352 1176 484 1216 Orest.
503 1177 623 1215 1016.
647 1175 683 1216 οἲ
705 1177 792 1228 ἐγώ·
824 1175 898 1228 πρὸ
927 1178 1075 1228 τύμβου
1097 1177 1170 1229 γάρ
1192 1176 1227 1216 σ’
1250 1175 1362 1229 ὁρῶσ’
1385 1176 1681 1217 ἀναστένω-οἲ
1710 1177 1786 1229 ἐγὼ

351 1241 442 1293 μάλ’
474 1243 593 1284 αὖθις.
625 1242 838 1298 Aristoph.
871 1242 983 1284 Plut.
1017 1255 1112 1297 935.
1143 1245 1245 1294 οἴμοι
1273 1244 1543 1295 περιείλημμαι
1572 1244 1701 1294 μόνος.
1734 1245 1784 1282 Κ.

353 1308 438 1349 νυνὶ
465 1311 592 1362 βοᾷςς
626 1313 670 1350 Σ.
695 1311 797 1359 οἴμοι
824 1308 914 1360 μάλ’
938 1310 1058 1351 αὖθις.
1118 1310 1213 1349 Hoc
1244 1308 1344 1349 vidit
1373 1308 1492 1349 etiam
1526 1310 1583 1349 H.
1607 1308 1784 1349 Vossius.

353 1375 580 1416 BLOMF.
969 1428 972 1431 Ι

413 1442 534 1495 1346.
556 1442 783 1496 οἶμώγματι]
804 1442 1046 1494 οἰμώγμασιν
1067 1443 1121 1482 Τ.

414 1518 533 1562 1347.
557 1507 823 1558 κοινωσαίμεθ’
846 1509 1065 1548 Porsonus.
1125 1507 1363 1562 Legebatur
1383 1506 1653 1559 κοινωσώμεθ’.

411 1575 460 1615 ἄν
479 1574 575 1628 πως]
599 1574 865 1615 Scribendum
888 1575 937 1615 ἂν
956 1578 1035 1617 πῶς
1059 1590 1151 1615 cum
1176 1575 1418 1615 Blomfieldo
1448 1574 1692 1629 signumque
1720 1574 1786 1614 in·

353 1641 585 1696 terrogandi
607 1650 698 1696 post
715 1642 967 1692 βουλεύματα
985 1641 1233 1696 ponendum.

411 1721 532 1763 1351.
569 1707 773 1762 νεορρύτῳ]
806 1707 1044 1763 Suspicetur
1075 1708 1209 1748 forsan
1244 1707 1390 1762 aliquis
1425 1706 1642 1761 legendum
1677 1723 1785 1759 veop-

350 1775 490 1829 ράντῳ.
529 1773 718 1830 Sophocl.
749 1773 824 1828 Aj.
854 1786 922 1827 30.
957 1777 1137 1824 πηδῶντα
1169 1775 1283 1814 πεδία
1318 1773 1392 1814 σὺν
1421 1773 1636 1827 νεορράντῳ
1669 1774 1785 1825 ξίφει.

352 1842 583 1882 BLOMF.

412 1921 429 1949 Ι
436 1921 460 1962 3
463 1909 532 1962 56.
563 1908 600 1948 οἱ
626 1908 668 1947 δὲ
688 1910 754 1958 τῆς
771 1906 942 1958 μέλλους
962 1906 1091 1961 κλέος]
1112 1908 1150 1947 οἱ
1171 1907 1213 1946 δὲ
1231 1907 1454 1957 μελλούσης
1474 1905 1587 1949 κλέος
1605 1905 1699 1946 edd.
1722 1909 1789 1957 τῆς

350 1975 573 2026 μελλούσης
593 1975 735 2014 Venet.
757 1973 867 2014 Flor.
886 1973 1064 2029 Trypho
1083 1974 1170 2026 περὶ
1189 1974 1298 2025 τρόπ.
1321 1973 1438 2013 Mus».
1461 1973 1567 2014 crit.
1588 1987 1626 2027 p.
1645 1984 1714 2026 49.
1736 1971 1788 2012 de

352 2040 664 2096 onomatopoeia.
687 2043 784 2081 κατὰ
802 2041 1108 2093 παρονομασίαν,
1130 2043 1262 2093 χρυσῶ
1282 2039 1358 2080 ἀπὸ
1384 2042 1453 2079 τοῦ
1479 2042 1638 2091 χρυσοῦ·
1669 2040 1787 2082 οὕτως

353 2108 577 2159 ὠνόμασται
597 2107 659 2147 καὶ
679 2105 766 2159 παρ’
784 2107 969 2160 Αἰσχύλῳ
989 2109 1133 2156 μελλῶ.
1164 2105 1401 2157 Χρονίζομεν
1421 2106 1505 2144 ὧδε·
1535 2107 1601 2154 τῆς
1618 2108 1789 2156 μελλοῦς

353 2176 481 2228 χάριν.
514 2173 622 2214 unde
653 2172 748 2213 olim
782 2171 991 2227 proposui,
1022 2171 1252 2224 χρονίζομεν
1271 2170 1358 2223 γάρ·
1389 2172 1426 2210 οἱ
1455 2171 1498 2210 δὲ
1524 2173 1590 2220 τῆς
1618 2174 1788 2220 μελλοῦς

351 2240 467 2295 χάριν
488 2240 619 2281 Πέδον
639 2257 679 2280 π.
710 2240 976 2279 Hermannus
1005 2252 1101 2277 vero
1130 2240 1195 2287 τῆς
1222 2239 1392 2287 μελλοῦς
1420 2235 1534 2278 κλέος
1564 2239 1690 2276 Πεδοῖ
1714 2253 1787 2276 πα-

353 2310 517 2349 τοῦντες.
550 2306 630 2347 Sed
652 2314 759 2346 recte
779 2320 820 2345 se
841 2304 962 2344 habet
983 2303 1102 2344 πέδον
1119 2317 1194 2358 pro
1217 2304 1313 2342 κατὰ
1331 2301 1461 2342 πέδον.
1485 2301 1672 2357 Choeph.
1690 2303 1786 2354 640.

353 2373 396 2414 τὸ
416 2373 467 2424 μὴ
488 2372 594 2424 θέμις
612 2374 700 2425 γὰρ,
722 2371 766 2411 οὗ
784 2369 865 2419 λὰξ
881 2369 1000 2410 πέδον
1019 2370 1271 2420 πατούμενον.
1304 2369 1533 2408 BLOMF.

414 2450 537 2493 1359.
558 2442 624 2479 τοῦ
646 2438 810 2490 δρῶντός
830 2438 914 2476 ε’στι
935 2435 996 2475 καὶ
1011 2435 1053 2474 τὸ
1072 2438 1289 2485 βουλεῦσαι
1308 2434 1411 2488 πέρι]
1434 2434 1694 2475 Constructio
1713 2443 1786 2484 est,

354 2506 439 2547 ἐστὶ
460 2505 521 2546 καὶ
539 2504 582 2544 τὸ
601 2507 818 2555 βουλεῦσαι
837 2503 923 2555 περὶ
943 2505 1010 2542 τοῦ
1030 2505 1205 2553 δρῶντος,
1227 2502 1421 2556 quoniam
1445 2507 1603 2541 mortuo
1623 2515 1788 2541 Succur-

353 2586 443 2613 rere
462 2586 544 2611 non
556 2584 794 2626 possumus,
815 2575 859 2609 at
876 2569 1015 2609 saltim
1037 2569 1085 2607 de
1108 2568 1436 2622 interfectoribus
1462 2569 1550 2622 qjus
1574 2566 1787 2607 consilium

352 2637 773 2684 ineamus—Eadem,
794 2635 928 2690 inquit
955 2634 1165 2690 proximus
1193 2648 1327 2683 senex,
1349 2634 1449 2673 mihi
1469 2640 1552 2674 stat
1568 2633 1784 2681 sententia,

352 2706 545 2761 quoniam
565 2709 769 2743 mortuum
791 2703 926 2743 verbis
948 2702 1149 2741 suscitare
1170 2701 1493 2755 nequeo—Quid
1511 2700 1663 2754 igitur,
1686 2713 1785 2738 num

352 2771 571 2813 cedendum
591 2776 651 2811 est
669 2780 744 2811 etc.
779 2770 1005 2810 BLOMF.

413 2839 532 2894 1362.
554 2837 783 2891 κτείνοντες]
805 2835 1073 2878 Scribendum
1094 2835 1285 2877 τείνοντες
1306 2847 1399 2875 cum
1423 2834 1614 2874 Cantero.
