1962 3224
380 159 465 202 466
852 161 1344 203 ANNOTATIONES

435 271 715 324 πολυπλάνητα
735 273 973 314 Lachmann
981 288 1037 315 us.
1072 274 1357 326 πολύπλαγκτα
1375 270 1482 312 libri.
1507 269 1814 323 πολυπάλαγκτα

378 339 488 381 Rob.
507 354 641 380 errore
661 339 900 396 typothetae.

434 416 485 471 δ’]
512 416 779 458 Scribendum
801 416 832 457 τ’
854 431 946 457 cum
969 417 1224 457 Hermanno.

433 515 544 569 ἰδεῖν]
565 485 681 556 εέδεῖν
702 515 766 555 Μ.

430 595 526 643 426.
547 593 760 646 ὀρέγματα]
785 594 995 645 ὀρείγματα
1015 592 1118 633 Ald.
1139 593 1249 633 unde
1270 593 1468 645 ὀρύγματα
1489 592 1620 632 Turn.

429 678 525 722 427.
548 669 761 724 ἐπιρροθεῖ]
785 671 984 722 ἐπερρόθει
1005 669 1209 711 Stanleius
1229 680 1349 710 recte.

429 740 525 790 428.
546 739 660 794 ἁμὸν]
685 740 951 781 Scribendum
975 740 1075 791 ἀμὸν
1093 751 1135 781 et
1154 743 1256 791 ἀμᾶν
1275 755 1310 781 v.
1331 751 1429 795 437.

427 817 672 860 429—433.v
688 805 865 846 Electrae
886 806 1029 847 tribuit
1049 808 1099 848 O.
1124 807 1364 848 Muellerus.
1415 805 1691 847 Continuandi
1712 813 1807 845 sunt

371 871 509 912 choro.

426 950 523 992 430.
543 938 681 994 μῆτερ]
707 937 974 978 Scribendum
996 942 1115 992 μᾶτερ
1134 953 1227 979 oum
1252 939 1484 980 Schuetzio.

425 1016 523 1058 433.
546 1003 678 1059 ἔτλης]
703 1003 971 1045 Scribendum
995 1005 1122 1048 ἔτλας.
1155 1005 1273 1046 ἔτλαν
1295 1005 1436 1046 Guelf.

423 1083 522 1124 435.
544 1071 619 1122 ἆρα
640 1070 859 1111 Heathius.
892 1071 967 1123 ἄρα
987 1071 1095 1112 Rob.
1118 1073 1253 1112 Turn.
1287 1073 1362 1124 ἀρὰ
1381 1071 1481 1112 Ald.
1505 1071 1645 1125 steph.

422 1147 521 1192 437.
545 1136 666 1192 ἆμᾶν]
693 1137 742 1177 V.
763 1137 815 1178 ad
837 1152 875 1177 v.
896 1138 991 1189 428.

422 1204 521 1258 438.
553 1204 719 1255 ὀλοίμαν
744 1204 877 1244 Turn.
911 1204 1081 1260 Steph.:
1115 1204 1226 1259 quod
1257 1204 1355 1260 legit
1385 1203 1608 1246 scholiasta.
1641 1205 1804 1256 ἑλοίμαν

370 1271 433 1311 Μ.
457 1270 599 1311 Guelf.
622 1270 724 1310 Ald.
748 1271 859 1312 Rob.

422 1350 518 1391 439.
552 1337 847 1390 ἐμασχαλίσθης
867 1338 909 1378 δὲ
929 1339 1209 1389 τωστοστείδης
1230 1339 1295 1378 Μ.
1339 1339 1634 1390 ἐμασχαλίσθης
1660 1339 1702 1378 δὲ
1731 1354 1803 1378 τω-

365 1406 549 1444 στοσεῖδυ
569 1403 672 1443 Ald.
718 1405 993 1457 ἐμασχαλίσθη
1013 1404 1335 1456 δέτωστοστείδης
1355 1404 1464 1445 Rob.
1509 1404 1804 1457 ἐμασχαλίσθης

365 1469 408 1510 δέ
428 1468 458 1510 τ’
480 1468 531 1512 ὣς
550 1469 626 1510 τότ’
650 1470 715 1511 ἔδυ
737 1471 873 1510 Turn.
898 1471 1038 1526 Steph.
1077 1473 1352 1525 ἐμασχαλίσθη
1373 1470 1403 1512 δ’
1425 1471 1491 1518 ἔθ’,
1515 1472 1565 1514 ὡς
1583 1469 1681 1511 τοῦτ’
1704 1472 1804 1522 εἰδῇς

366 1537 532 1576 Canter.
556 1535 632 1577 τόδ’
655 1551 730 1592 pro
749 1536 848 1577 τοῦτ’
871 1539 1013 1579 Pauw.
1065 1538 1364 1592 Recipiendum
1388 1538 1674 1591 ἐμασχαλίσθη.

421 1603 712 1657 ἐμασχαλίσθη]
728 1605 970 1656 μασχαλίζω,
992 1605 1173 1660 Amputo
1193 1605 1377 1660 corporis
1397 1605 1685 1644 extremitates.
1720 1602 1801 1643 Sed

364 1668 556 1723 primaria
575 1669 815 1724 significatio
835 1679 909 1718 est,
923 1671 1033 1711 circa
1049 1677 1191 1726 pectus
1210 1671 1286 1711 sub
1317 1670 1460 1710 axillis
1478 1671 1661 1725 cingere,-
1691 1669 1801 1709 unde

359 1735 650 1789 μασχαλιστήρ,
683 1736 817 1776 lorum
844 1737 1060 1791 pectorale.
1097 1738 1256 1790 (Prom.
1288 1738 1374 1790 71.)
1415 1736 1597 1791 Hesych.
1632 1740 1802 1790 Μασχα-

363 1805 571 1852 λισθῆναιε
607 1803 843 1855 ἀνηρτῆσθαι
873 1805 915 1844 ἐκ
944 1807 1020 1844 τῶν
1049 1808 1280 1857 μασχαλῶν.
1332 1803 1563 1845 Homicidae
1593 1802 1801 1844 cadaveris

361 1868 636 1910 extremitates
664 1880 897 1925 amputatas
924 1885 1010 1925 prae
1040 1870 1285 1911 contumelia
1315 1870 1391 1911 sub
1411 1870 1528 1911 occisi
1549 1869 1681 1910 axillis
1710 1885 1797 1910 sus-

360 1936 538 1991 pendere
558 1936 755 1977 solebant.
786 1936 977 1993 Sophocl.
998 1936 1069 1977 El.
1091 1949 1186 1989 444.
1207 1937 1296 1990 Ὑφ’
1317 1937 1362 1988 ἧς
1383 1938 1511 1978 θανὼν
1531 1936 1674 1988 ἄτιμος,
1697 1935 1798 1977 ὥστε

360 2003 562 2054 δυσμενὴς,
584 2002 900 2056 Ἐμασχαλίσθη,
924 2004 1016 2044 κάπὶ
1034 2008 1258 2056 λουτροῖσιν
1278 2002 1374 2055 κάρα
1399 2006 1569 2055 Κηλῖδας
1601 2002 1797 2054 ἐξέμαξεν.

362 2069 523 2118 Suidas,
544 2069 873 2123 Ἐμασχαλίσθηε
907 2071 992 2113 ἔθος
1020 2071 1068 2121 ἢν
1097 2075 1178 2112 τοῖς
1207 2071 1393 2123 ἀρχαίοις,
1416 2071 1533 2111 ὁπότε
1562 2071 1798 2123 φονεύσειαν

359 2135 406 2186 ἐξ
443 2137 654 2187 ἐπιβουλῆς
691 2139 790 2186 τινὰ,
823 2137 867 2177 τὸ
906 2138 1022 2190 ἔργον
1061 2136 1374 2189 ἀφοσιουμένοις,
1408 2135 1698 2189 ἀκρωτηριάζειν
1728 2136 1798 2176 τὸν

358 2202 507 2253 νεκρόν·
542 2202 605 2242 καὶ
623 2206 699 2242 τῶν
718 2204 863 2254 μορίων
888 2203 1059 2254 ὁρμαθὸν
1088 2203 1338 2254 ποιήσαντας,
1362 2201 1572 2255 κρημνάναι
1603 2204 1698 2242 κατὰ
1726 2205 1794 2242 τοῦ

356 2267 564 2321 τραχήλου,
595 2270 691 2308 κατὰ
716 2272 792 2308 τῶν
819 2273 1037 2321 μασχαλῶν
1066 2270 1290 2322 διείροντας.
1321 2268 1388 2321 ἀφ’
1412 2270 1456 2310 οὗ
1480 2269 1525 2319 δὴ
1553 2268 1614 2309 καὶ
1636 2285 1792 2321 μασχα-

357 2334 531 2384 λίσματα
550 2335 873 2386 προσηγόρευσαν
891 2334 999 2376 αὐτά.
1031 2338 1236 2388 Σοφοκλῆς
1255 2337 1299 2376 ἐν
1317 2334 1479 2390 Τρωίλῳ
1495 2334 1622 2386 πλήρη
1641 2351 1794 2387 μασχα-

355 2398 559 2451 λισμάτων
579 2401 703 2452 εἴρηκε
719 2399 787 2440 τὸν
805 2403 1098 2454 μασχαλισμόν.
1134 2401 1387 2454 (Brunckius
1416 2402 1485 2442 τὸν
1508 2401 1791 2452 φονεύσαντα.)

359 2466 454 2507 Hoc
483 2476 618 2507 autem
650 2467 803 2507 factum
837 2467 976 2517 fuisse,
1012 2483 1090 2508 non
1128 2470 1383 2521 ἀφοσιώσεως
1412 2482 1568 2517 caussa,
1605 2468 1673 2508 sed
1708 2481 1794 2523 prae

354 2532 612 2581 contumelia,
628 2532 788 2588 judicat
805 2534 1084 2589 Musgravius.
1121 2534 1336 2584 Stanleius‚
1359 2542 1506 2589 praeter
1527 2533 1636 2574 hunc
1655 2532 1789 2573 locum

354 2610 394 2642 et
425 2602 621 2657 Hesychii
651 2602 838 2657 glossam,
872 2604 1044 2645 contulit
1074 2606 1237 2645 Senecae
1267 2605 1419 2659 Agam.
1452 2603 1674 2657 900.—2‘lle
1688 2603 1790 2658 jam

352 2669 581 2709 ea'animem
607 2670 724 2724 petit,
745 2670 997 2726 Laceratque
1024 2685 1202 2727 corpus‚·
1235 2671 1308 2711 illa
1326 2671 1559 2724 fodientem
1584 2669 1757 2724 adjuvat
1771 2686 1785 2715 ‚-

352 2744 394 2775 et
423 2745 563 2775 notum
587 2735 744 2790 Virgilii
774 2736 908 2777 locum
940 2737 992 2777 de
1022 2737 1242 2793 Deiphobo
1273 2737 1375 2777 AEn.
1398 2739 1439 2785 6,
1461 2749 1557 2789 494.
1590 2734 1724 2776 Schol.
1745 2734 1787 2774 in

356 2802 551 2858 Apollon.
574 2803 714 2844 Rhod.
736 2818 775 2854 4,
797 2816 894 2857 477.
918 2810 994 2846 τῶν
1019 2807 1296 2847 ἀποθανόντων
1326 2807 1363 2846 οἱ
1388 2807 1692 2857 δολοφονοΰντες
1721 2805 1788 2855 ἀρ-

352 2869 474 2922 χαίως
497 2871 814 2922 ἀκρωτηριασμόν
842 2888 928 2912 τινα
964 2873 1122 2913 ἐποίουν
1147 2876 1214 2912 τοῦ
1242 2864 1533 2924 ἀναιρουμένόυ.
1565 2870 1639 2917 καὶ,
1670 2872 1789 2911 ταῦτα
