1962 3224
606 139 698 182 AD
729 136 1170 180 CHOEPHORAS.
1537 135 1624 177 503

215 276 314 322 935.
335 263 430 320 936.
452 269 494 302 et
512 258 799 316 antistrophici
820 258 862 300 in
883 273 1016 300 unum
1037 271 1204 300 versum
1224 255 1522 313 conjungendi.

218 335 314 391 938.
353 329 489 373 Schol.
525 331 688 371 διπλοῦς
718 327 847 370 λέωνε
895 328 934 369 οἱ
966 327 1057 380 περὶ
1088 326 1286 379 Ὀρέστην
1322 325 1385 366 καὶ
1417 323 1623 377 Πυλάδην.

162 405 258 445 Ηοο
276 411 409 443 tamen
431 412 513 440 non
534 395 658 438 nimis
677 404 773 452 apte
793 394 973 437 cohaeret
991 408 1089 437 cum
1108 392 1158 435 iis
1177 407 1275 449 quae
1295 391 1458 434 dixerat
1472 391 1625 434 chorus

158 470 200 512 in
220 485 258 510 v.
278 468 302 509 8
303 479 372 522 54.
393 465 562 508 Τοιάνδε
581 464 716 515 πάλην
734 465 855 516 μόνος
885 463 941 505 ὢν
962 463 1130 517 ἔφεδρος
1152 464 1325 504 Δισσοῖς
1344 460 1488 513 μέλλει
1518 464 1625 505 θεῖος

156 536 349 590 Ὀρέστης
372 533 541 588 Ἀψειν.
594 532 839 589 Comparari
874 541 1015 573 autem
1050 529 1176 572 debet
1206 527 1358 585 Eurip.
1393 529 1466 570 Or.
1498 540 1622 585 1397.

150 603 311 645 Ἦλθον
340 605 394 646 εἰς
418 602 574 655 δόμους,
598 599 646 642 ἵν’
675 601 760 642 αὔθ’
788 598 938 642 ἕκαστά
964 615 1032 640 σοι
1054 596 1176 652 λέγω,
1204 595 1213 654 Ι
1237 596 1399 640 λέοντες
1419 594 1625 640 Ἕλλανες

156 671 223 713 δύο
243 671 398 723 διδύμω.
431 669 666 711 BLOMF.

213 752 309 794 939.
332 751 430 794 940.
451 748 494 779 et
513 735 799 793 antistrophici
815 736 857 776 in
879 749 1011 776 unum
1031 749 1193 776 versum
1216 731 1502 774 contrahendi.

213 819 314 862 939.
349 807 476 848 ἔλασε
505 804 536 846 δ’
570 806 609 848 ἐς
638 805 683 846 τὸ
710 803 812 861 πᾶν]
847 802 1091 845 Lectionem
1127 802 1247 843 ἔλακε
1282 816 1405 842 nemo
1438 811 1514 852 est,
1550 802 1625 858 qui

154 873 370 916 commode
390 872 670 930 explicaverit.
733 871 981 913 Scholiastes
1009 870 1155 927 legisse
1179 869 1346 912 videtur
1364 870 1493 922 ἤλασε
1513 870 1546 912 δ’
1569 873 1626 914 εἰς

155 941 287 992 τέλος,
315 942 382 984 vel
411 942 542 995 ἤλασε
574 942 604 983 δ’
627 942 684 984 εἷς
717 939 849 994 ἀγῶν’.
910 941 1220 996 Interpretatur
1253 939 1388 981 enim:
1420 939 1551 991 ἤλασε
1582 942 1626 982 δὲ

157 1011 213 1054 εἰς
242 1009 286 1050 τὸ
313 1008 430 1053 τέλος
464 1012 532 1049 τοῦ
565 1009 722 1062 δρόμου·
754 1009 777 1049 ὅ
808 1009 931 1056 ἐστιν,
965 1007 1094 1059 ἤνυσα
1118 1006 1189 1048 τὸν
1224 1007 1371 1060 ἀγῶνα.
1419 1008 1622 1062 Ἀφίκετο,

157 1078 295 1131 φησίν,
328 1079 383 1121 εἷς
411 1076 457 1118 τὸ
491 1076 608 1120 τέλος
637 1079 705 1117 τοῦ
739 1077 906 1130 ἆγῶνος.
958 1077 1054 1126 Qua
1078 1075 1122 1117 in
1155 1075 1429 1132 explicatione
1459 1076 1623 1119 nullum

156 1155 266 1186 certe
294 1143 482 1186 lectionis
502 1143 684 1201 vulgatae
704 1155 766 1186 est
786 1144 1020 1201 vestigium.
1084 1145 1167 1187 Sed
1192 1145 1294 1187 certi
1323 1145 1427 1187 nihil
1450 1146 1624 1188 definire

155 1212 304 1254 ausim.
352 1212 426 1254 Ad
449 1212 695 1269 scripturam
717 1212 931 1269 vulgatam
952 1212 1142 1270 proxime
1161 1213 1374 1256 accederet

500 1279 626 1334 ἔλαχε
646 1280 692 1332 δὴ
713 1280 758 1321 τὸ
777 1283 870 1322 πᾶν.

162 1349 317 1390 Totum
336 1363 482 1405 nempe
500 1349 576 1390 Ῐιοε
595 1350 811 1405 negotium
831 1350 954 1406 quasi
973 1351 1118 1390 sortito
1137 1349 1290 1406 obtigit
1311 1350 1464 1392 Oresti.
1487 1351 1621 1392 SCH.

216 1415 248 1457 δ’
271 1417 311 1459 ἐς
330 1416 392 1471 τὸ]
414 1415 446 1457 δ’
469 1416 535 1458 ε’τὸ
556 1416 660 1458 Ald.
681 1416 794 1458 unde
813 1418 857 1458 δὲ
876 1417 922 1458 τὸ
944 1417 1082 1459 Turn.

215 1497 313 1539 940.
349 1485 372 1525 ὁ
406 1483 684 1538 πυθοχρήστας
716 1484 862 1540 φυγὰς]
905 1483 1041 1526 Schol.
1078 1485 1100 1525 ὁ
1134 1484 1211 1526 ὑπὸ
1243 1488 1401 1529 Πυθοῦς
1434 1486 1624 1539 χρησθεὶς

155 1549 358 1604 Ὀρέστης.
403 1551 694 1608 Inter-punctio
714 1561 808 1608 post
827 1551 958 1606 φυγάς
977 1551 1111 1609 posita
1130 1551 1301 1594 tollatur
1321 1563 1362 1594 et
1382 1562 1476 1610 post
1498 1554 1623 1607 ὦρμη-

153 1619 273 1672 μένος
293 1619 574 1662 transferatur.

213 1701 312 1742 941.
333 1688 376 1730 εὖ
401 1687 638 1743 φραδαῖσιν]
661 1689 898 1742 ἐφραδαῖσιν
914 1687 1016 1730 Ald.
1048 1689 1292 1742 ἇφραδαῖσιν
1313 1689 1423 1731 Rob.
1457 1691 1500 1731 δὲ
1522 1695 1623 1744 φρα-

157 1758 290 1798 δαῖσιν
320 1756 456 1797 Turn.
502 1757 547 1797 ἐν
577 1759 793 1810 φραδαῖσιν
822 1758 994 1799 Porson.
1043 1758 1305 1810 εὐφραδαῖσιν
1335 1758 1401 1799 Μ.
1433 1758 1546 1799 unde
1578 1760 1622 1801 εὖ

156 1827 372 1877 φραδαῖσιν
390 1825 622 1866 Hermann.
637 1823 843 1881 probante
867 1824 1051 1866 Seidlero
1071 1824 1124 1866 de
1141 1825 1278 1865 Verss.
1291 1825 1473 1868 Dochm.
1494 1842 1535 1883 p.
1552 1827 1620 1882 89.

157 1890 230 1947 qui
257 1891 380 1933 etiam
410 1907 504 1933 cum
533 1891 731 1933 Schutzio
754 1892 878 1949 plene
905 1891 1125 1949 distinguit
1154 1901 1249 1948 post
1276 1892 1514 1946 ὡρμημένος,
1537 1909 1621 1936 non

157 1959 263 2001 sicut
302 1960 440 2010 ceteri,
481 1970 576 2017 post
606 1959 749 2014 φυγάς.
797 1959 986 2016 Hesych.
1021 1963 1240 2013 Φραδαῖσι;
1284 1964 1466 2011 βουλαῖς.
1502 1963 1618 2014 (MS.

159 2027 345 2082 φράδεσι)
361 2039 402 2070 et
418 2043 514 2070 mox
531 2029 690 2082 Φράδητ
721 2027 857 2082 φράζε.
873 2027 1251 2081 λέγε-Φρονήσει;
1286 2027 1462 2070 συνέσει.
1493 2029 1622 2072 Binas

157 2095 313 2151 glossas
332 2095 644 2153 conjungendas
672 2111 758 2138 esse
787 2104 925 2137 censet
955 2094 1260 2137 Ruhnkenius:
1294 2096 1366 2137 sed
1396 2097 1619 2153 legendum

157 2173 276 2220 puto,
305 2164 459 2217 Φράδε;
493 2162 630 2217 φράζε.
662 2163 772 2217 λέγε.
804 2166 964 2220 Φραδῇ;
998 2163 1204 2217 φρονήσει.
1240 2163 1415 2206 συνέσει.
1465 2165 1619 2223 Eurip.

158 2231 309 2272 Phoen.
342 2233 439 2286 677.
481 2231 699 2275 Παλλάδος
738 2234 904 2285 φραδαῖς
930 2231 936 2288 Ι
962 2236 1148 2285 γαπετεῖς
1188 2233 1304 2274 δικὼν
1341 2234 1507 2277 ὀδόντας
1531 2233 1538 2291 Ι
1566 2236 1621 2279 εἰς

156 2299 435 2352 βαθυσπόρους
454 2300 563 2352 γύας.
612 2300 827 2341 Penacute
858 2299 1050 2341 scribitur
1078 2314 1145 2356 ap.
1170 2299 1340 2342 Pindar.
1364 2301 1431 2343 Ol.
1458 2314 1526 2355 12,
1553 2317 1619 2359 13.

157 2369 235 2407 τῶν
255 2367 299 2407 δὲ
317 2367 549 2418 μελλόντων
567 2368 838 2420 τετύφλωνται
858 2366 1017 2421 φράδαι.
1051 2368 1282 2410 BLOMF.

216 2445 314 2487 942.
347 2433 603 2486 ἐπολολύξατ’
622 2433 668 2490 ὣ]
702 2435 770 2476 Sic
798 2434 954 2491 optime
986 2435 1196 2477 Seidlerus
1225 2435 1252 2478 l.
1277 2451 1311 2478 o.
1342 2452 1422 2494 pro
1447 2437 1620 2495 vulgato

159 2500 452 2551 ἑπολολυξάτω,
464 2500 622 2543 collatis
641 2501 791 2558 Eurip.
811 2503 915 2544 Tro.
931 2515 984 2558 33
988 2515 1030 2558 5.
1050 2502 1220 2555 βοάσατ’
1243 2504 1287 2546 εὖ
1306 2504 1378 2545 τὸν
1391 2503 1618 2558 Ὑμέναιον,

159 2564 203 2614 ὦ,
225 2568 430 2620 μακαρίαις
449 2568 610 2612 ἀοιδαῖς.
657 2569 808 2611 Phoen.
830 2583 930 2625 302.
953 2571 1064 2622 ἔβας,
1087 2570 1130 2622 ὦ,
1155 2572 1287 2626 χρόνῳ
1315 2575 1394 2625 γᾶν
1420 2571 1619 2628 πατρῴαν.

158 2643 200 2675 et
222 2633 413 2691 Sophocl.
437 2635 592 2677 Trach.
614 2649 711 2691 205.
736 2638 1018 2688 ἆνολολύξατε,
1050 2639 1174 2690 δόμοι,
1207 2639 1408 2692 ἐφεστίοις
1433 2639 1440 2695 Ι
1467 2640 1621 2683 ἆλαλα-

157 2705 258 2756 γαῒς.
291 2702 521 2744 BLOMF.

215 2782 314 2825 943.
355 2771 495 2822 τριβὰς
525 2769 620 2812 edd.
657 2780 736 2813 vet.
776 2771 849 2812 sed
886 2771 1117 2828 genitivum
1157 2775 1294 2826 τριβᾶς
1332 2782 1443 2815 recte
1482 2775 1622 2830 posuit

158 2837 404 2889 Schutzius3
435 2839 640 2895 effiagium
671 2839 877 2881 malorum
906 2845 946 2881 et
969 2840 1219 2897 direptionis
1237 2841 1448 2890 bonorum,
1469 2856 1499 2882 a
1517 2842 1620 2885 duo-

157 2905 234 2948 bus
271 2907 481 2948 sceleratis
511 2908 672 2962 factae.
735 2908 850 2949 Tum
886 2924 985 2951 vero
1024 2910 1213 2962 δυσοίμου
1249 2911 1371 2964 τύχας
1415 2911 1623 2969 appositio
