1962 3224
387 182 472 226 622
858 186 1351 228 ANNOTATIONES

442 300 538 351 716.
569 300 632 340 καὶ
658 302 960 355 πρῶρα-φίλη]
995 301 1140 357 Neque
1168 315 1264 342 vero
1291 315 1355 342 ‘me
1363 301 1500 358 fugit
1525 316 1658 358 prora
1686 302 1818 343 oculos

385 365 442 406 ad
470 366 581 406 viam
611 366 815 422 dirige-ns,
837 366 875 407 h.
897 382 931 408 e.
952 377 1060 408 recta
1082 368 1146 408 via
1170 368 1222 408 ad
1247 368 1361 408 littus
1379 378 1562 409 nostrum
1583 368 1817 424 procedens,

386 433 511 472 nimis
539 433 635 472 bene
662 434 939 488 gubernaculi
968 434 1014 474 in
1039 447 1184 489 puppe
1211 435 1422 475 constituti
1448 436 1624 490 remigio
1645 449 1819 490 parens,

385 499 534 554 quippe
553 498 666 539 haud
690 501 825 539 amica
853 500 969 540 nobis
998 501 1234 541 adveniens.
1294 500 1459 541 Poetica
1488 501 1658 542 audacia
1686 515 1818 556 prorae

385 574 426 605 et
445 563 584 605 oculos
602 575 642 604 et
662 579 780 605 aures
800 564 958 606 tribuit.
992 567 1123 606 SCH.

441 632 605 685 ὄμμασι]
630 632 800 682 ὄμμασιν
819 632 884 672 Μ.
905 631 1049 672 Guelf.
1071 630 1173 672 Ald.
1196 632 1332 672 Turn.

442 708 536 750 717.
569 697 812 752 εὐθυντῆρος]
846 701 1078 750 συνουτῆρος
1105 698 1171 738 Μ.
1197 697 1336 739 Guelf.
1358 698 1459 739 Ald.
1481 699 1591 740 Rob.
1622 700 1819 751 ῖθυυτῆρος

387 762 603 804 Salvinius.

442 829 535 881 718.
566 828 601 882 γ’
633 829 684 872 ὡς
713 829 762 869 ἂν
790 829 835 869 οὐ
865 830 962 882 φίλη
991 830 1125 870 Tur.n
1151 829 1292 885 Steph.
1323 834 1396 872 τῶς
1417 829 1466 883 (τ’
1489 831 1539 873 ὡς
1558 830 1697 871 Guelf.
1727 830 1817 871 τῶσ’

384 894 505 948 Ald.)
538 894 586 935 ἂν
615 895 660 935 οὒ
690 896 788 947 φίλη
817 895 974 936 codices
1003 905 1043 936 et
1069 896 1170 937 Ald.
1192 896 1301 937 Rob.
1360 896 1496 937 Verba
1522 907 1714 952 corrupta
1737 912 1819 938 non

383 960 612 1017 persanavit
648 961 883 1001 Turnebus.
945 961 1184 1012 Scholiasta,
1217 963 1314 1002 οὕτω
1346 963 1389 1003 δὲ
1421 963 1511 1014 ἥμιν
1543 965 1714 1005 κλύουσα
1752 966 1820 1004 τοῦ

383 1030 513 1070 οἴακος
533 1027 577 1067 οὐ
598 1028 696 1079 φίλη
717 1027 814 1067 ἐστί.

441 1103 536 1148 719.
557 1091 676 1148 νήιοι]
700 1092 968 1134 scribendum
990 1094 1113 1135 νάϊοι;
1140 1110 1233 1136 nam
1254 1095 1330 1137 hac
1351 1103 1510 1137 tantum
1526 1096 1657 1137 forma
1677 1095 1819 1152 tragici

383 1169 571 1201 utuntur.

437 1226 714 1281 μελαγχίμοις]
744 1228 1009 1280 μελαγχίμους
1031 1227 1171 1268 Guelf.
1195 1227 1293 1268 Ald.
1326 1233 1353 1252 ‘¹
1373 1230 1639 1282 μελαγχίμους
1665 1229 1817 1285 simpli-

381 1293 481 1335 citer
514 1303 627 1335 notat
655 1294 838 1336 homines
871 1295 1032 1350 nigros,
1063 1294 1204 1350 quales
1233 1303 1347 1335 erant
1376 1295 1548 1350 remiges
1573 1295 1612 1335 in
1641 1296 1819 1352 AEgypti

380 1359 556 1401 filiorum
578 1360 787 1401 navibus.”
819 1362 950 1402 SCH.

439 1439 534 1481 725.
563 1427 615 1478 μὴ
633 1426 798 1482 ’μελεῖν]
821 1427 939 1468 Libri
962 1427 1081 1484 plene
1099 1427 1151 1480 μὴ
1172 1429 1348 1479 ἀμελεῖν.
1407 1427 1678 1469 Restituenda
1696 1428 1818 1470 erasis

381 1495 585 1546 μᾶμελεῖυ.

442 1563 532 1613 726.
554 1560 741 1615 ἀρωγοὺς]
763 1562 914 1614 ἀρωγὰς
934 1562 1044 1602 Rob.

439 1636 676 1682 727—733.
701 1628 847 1667 Danao
866 1627 1105 1668 continuant
1125 1627 1227 1669 Ald.
1250 1629 1384 1668 Turn.

441 1703 537 1747 727.
568 1696 661 1736 ἴσως
689 1696 763 1746 γὰρ
792 1693 833 1747 ἢ]
868 1694 1135 1735 Scribendum
1167 1697 1258 1738 ἴσως
1285 1698 1360 1748 γὰρ
1389 1694 1438 1736 ἂν
1467 1709 1558 1735 cum
1588 1693 1816 1749 Burgesio:

383 1760 458 1800 nisi
486 1759 803 1815 quis¹⁷Schaeferi
832 1760 1107 1816 conjecturam
1140 1761 1211 1813 (ad
1233 1761 1447 1802 Demosth.
1468 1760 1547 1801 vol.
1567 1770 1608 1815 5.
1635 1776 1674 1816 p.
1697 1760 1814 1813 687.)

381 1827 573 1883 praeferat
592 1829 686 1870 ἴσως
705 1827 754 1868 ἂν
772 1826 864 1877 ἢ-
878 1859 887 1868 .
918 1829 1013 1870 ἴσως
1031 1842 1108 1883 pro
1132 1827 1181 1868 ἂν
1207 1827 1360 1868 dictum
1389 1842 1483 1868 cum
1511 1826 1694 1882 optativo
1722 1841 1816 1868 con-

382 1893 483 1934 strui
504 1893 719 1934 videbatur
737 1893 790 1934 ad
810 1892 958 1948 Eurip.
981 1893 1076 1948 Iph.
1100 1895 1153 1933 T.
1175 1905 1294 1948 1055.
1322 1896 1370 1934 τὰ
1390 1893 1420 1934 δ’
1442 1893 1531 1934 ἄλλ’
1551 1895 1646 1936 ἴσως
1665 1893 1817 1934 ἅπαντα

382 1961 554 2011 συμβαίη
586 1964 724 2003 καλῶς·
759 1959 831 2000 ubi
864 1970 972 2000 recte
1004 1959 1280 2000 Marklandus
1314 1959 1363 2001 ἂν
1392 1960 1533 2001 πάντα.
1594 1961 1690 2000 Non
1725 1958 1817 2014 plus

382 2026 646 2067 tribuendum
666 2026 753 2067 aliis
772 2027 941 2067 aliorum
963 2026 1204 2081 scriptorum
1220 2026 1415 2082 exemplis
1429 2025 1689 2082 quibusdam,
1704 2025 1815 2066 velut

383 2093 529 2135 Galeni
551 2093 631 2134 vol.
653 2107 691 2144 4.
713 2109 752 2149 p.
773 2094 866 2135 182.
890 2094 955 2134 καί
971 2110 1028 2137 τις
1046 2095 1141 2136 ἴσως
1159 2093 1401 2144 ὑπονοήσειε.
1421 2109 1462 2149 p.
1484 2094 1580 2148 658.
1601 2094 1651 2137 ὧς
1670 2094 1816 2145 οἰηθείη

380 2176 439 2203 τις
457 2162 561 2202 ἴσως.
585 2159 726 2215 Cyrill.
749 2159 870 2200 Alex.
891 2160 984 2200 adv.
1006 2159 1164 2201 Julian.
1184 2175 1226 2215 p.
1247 2159 1324 2213 185
1343 2160 1394 2200 B.
1417 2159 1478 2200 καὶ
1498 2158 1725 2209 ἀπιστήσειε
1742 2160 1816 2210 μὲν

380 2228 473 2268 ἴσως
499 2225 600 2268 ἅπας
628 2242 684 2268 τις
713 2226 782 2266 οὖν
810 2230 892 2268 τοῖς
920 2226 1007 2278 περὶ
1035 2227 1172 2266 τούτου
1201 2226 1347 2277 λόγοις.
1379 2224 1460 2265 Vit.
1484 2224 1656 2265 Homeri
1675 2223 1753 2266 vol.
1772 2234 1813 2278 5.

379 2306 423 2347 p.
445 2304 536 2345 143.
559 2291 622 2331 ed.
645 2292 748 2332 Ern.
768 2291 948 2343 περιττὸν
966 2293 1060 2334 ἴσως
1087 2294 1220 2342 δόξειε.
1280 2291 1408 2331 Plane
1432 2290 1586 2331 alienus
1605 2299 1741 2331 autem
1761 2291 1815 2331 ab

379 2357 455 2398 hac
484 2358 708 2413 quaestione
737 2367 796 2398 est
823 2357 1145 2411 Agamemnonis
1169 2372 1206 2397 v.
1228 2370 1348 2411 1049.
1380 2356 1431 2397 de
1460 2372 1544 2411 quo
1572 2366 1680 2398 recte
1702 2357 1815 2413 judi-

378 2423 484 2464 cavit
506 2423 786 2464 Blomfieldus.

435 2491 548 2542 κήρυξ
569 2491 703 2530 Turn.
726 2489 867 2545 Steph.
928 2489 1222 2530 Revocandum
1245 2492 1358 2542 κῆρυξ
1377 2505 1428 2530 ex
1448 2489 1547 2531 Ald.
1570 2490 1681 2531 Rob.

434 2556 611 2609 πρέσβυς
647 2558 763 2607 μόλοι
804 2555 945 2611 Steph.
987 2557 1256 2608 πρεσβύμολοι
1290 2556 1390 2597 Ald.
1442 2556 1713 2607 πρεσβήμολοι
1749 2557 1811 2597 Μ.

378 2623 490 2664 Rob.
520 2622 696 2675 πρέσβης
714 2623 830 2674 μόλοι
850 2623 944 2662 Par.
976 2622 1149 2673 πρεσβὺς
1167 2623 1282 2673 μόλει
1302 2622 1437 2662 Turn.

435 2689 531 2742 728.
554 2688 784 2742 ἐφάπτορες]
807 2687 1028 2741 ἑφάπτορας
1049 2688 1156 2728 Rob.

435 2766 530 2808 729.
559 2754 612 2806 μὴ
640 2753 803 2806 τρέσητέ
832 2770 893 2795 νιν
920 2754 1138 2793 Porsonus.
1169 2754 1222 2804 μὴ
1251 2753 1434 2806 τρέσηταί
1460 2771 1521 2795 νιν
1551 2754 1690 2795 Guelf.
1713 2754 1810 2796 Ald.

375 2827 428 2878 μὴ
456 2825 635 2878 τρέσαιτέ
663 2842 725 2867 νιν
754 2827 849 2867 Par.
881 2824 991 2865 Rob.
1021 2817 1209 2877 μητρέσαηι
1238 2827 1343 2876 τενίη
1371 2826 1438 2866 Μ.
1472 2825 1524 2877 μὴ
1552 2825 1713 2878 τρέσητε
1743 2828 1813 2866 νῦν

379 2895 514 2934 Turn.
537 2892 678 2949 Steph.
