1962 3224
655 138 744 179 AD
777 135 1134 179 SUPPLICES.
1544 132 1626 175 621

170 250 276 293 hanc
306 251 520 293 nimirum:
560 251 723 303 Θεσμὸς
753 251 907 293 αἰώνιος
935 252 1017 291 τοῖς
1043 246 1206 289 Ἀτθίδα
1235 244 1466 298 νεμομένοις
1497 247 1632 299 κυρίως

172 319 243 361 τὸν
262 320 417 362 ἅπαντα
434 320 582 374 χρόνον
605 319 717 362 θεοὺς
745 321 860 370 τιμᾶν
887 317 950 358 καὶ
978 317 1106 369 ἥρωας
1136 314 1362 368 ἐγχωρίους.
1425 314 1634 356 Caeremo-

171 386 330 428 uiarum
361 398 403 429 et
433 387 588 429 rituum
623 385 852 443 patriorum
883 381 1264 426 observantissimos
1293 381 1420 423 fuisse
1449 381 1631 423 Atheni-

170 470 286 496 enses
317 455 442 497 tradit
476 456 679 497 Isocrates
710 454 753 495 in
785 452 1083 509 Areopagitica
1116 465 1158 507 p.
1193 460 1297 505 145:
1346 451 1474 491 ἐκεῖνο
1507 451 1633 502 μόνον

173 523 334 577 ἐτήρουν
352 522 456 567 ὅπως
475 525 597 576 μηδὲν
615 522 712 575 μήτε
732 526 808 563 τῶν
828 521 1002 574 πατρίων
1032 520 1300 568 καταλύσωσι,
1330 516 1416 570 μήτ’
1449 516 1524 568 ἔξω
1554 521 1634 559 τῶν

172 591 433 643 νομιζομένων
451 590 742 645 προσθήσωσιν.
776 589 999 631 STANL.

230 661 330 712 706.
362 658 671 713 δαφνηφόροισι]
702 657 1018 711 δαφνοφόροισιν
1040 654 1145 696 Ald.
1170 654 1282 696 Rob.
1313 655 1452 695 Turn.
1487 654 1633 712 Steph.

172 735 213 768 et
234 737 282 768 ut
301 727 448 782 opinor
470 728 535 767 M.
555 741 606 767 ex
627 741 713 782 quo
733 726 1049 779 δαφνηφόροισιν
1070 731 1313 764 annotatum
1341 722 1395 763 ad
1424 722 1635 765 Shuetzii

174 794 395 837 editionem
417 794 580 843 collato,
599 794 642 835 in
663 810 748 851 qua
767 794 1038 848 δαφνηφόροις
1063 791 1243 848 positum
1275 801 1349 833 est.
1410 791 1635 848 Antispas-

173 872 263 904 tum
285 862 453 919 quidem
474 862 687 904 restituere
708 862 800 904 licet
827 863 1097 916 δαφνοφόροις
1126 859 1366 902 scribendo:
1400 859 1470 901 sed
1502 873 1636 915 quum

174 946 321 987 parum
342 931 554 988 probabile
573 931 624 972 sit
644 930 825 972 diversas
854 929 1068 986 antispasti
1097 929 1251 970 formas
1281 928 1356 970 sibi
1386 927 1637 985 respondere

174 998 351 1040 voluisse
386 1009 564 1056 poetam,
598 998 677 1040 alia
711 998 903 1055 quaedam
946 998 1072 1054 hujus
1110 997 1303 1054 adjectivi
1342 997 1477 1039 forma
1509 998 1637 1038 latere

175 1066 341 1108 videtur
361 1067 437 1108 hac
458 1082 650 1108 mensura
667 1092 695 1108 υ
714 1092 745 1097 -
762 1092 794 1098 --
806 1099 815 1107 .

235 1146 332 1190 707.
363 1135 408 1177 τὸ
432 1138 509 1189 γὰρ
535 1136 729 1176 τεκόντων
759 1135 901 1190 σέβας]
925 1134 1039 1175 Illud
1058 1136 1135 1188 γὰρ
1155 1133 1208 1175 ad
1229 1132 1440 1187 πατρωΐαις
1458 1132 1638 1174 referen-

174 1203 292 1244 dum.
352 1203 560 1244 Nimirum
580 1202 654 1259 qui
675 1218 788 1244 more
807 1204 1016 1259 mqjorum
1037 1202 1137 1244 deos
1162 1201 1319 1252 colunt,
1340 1200 1439 1257 ipsis
1466 1215 1637 1257 quoque

174 1271 400 1328 majoribus
433 1280 475 1312 et
505 1270 746 1327 parentibus
778 1285 827 1311 ea
866 1285 910 1311 re
943 1270 1142 1311 honorem
1177 1269 1346 1319 habent,
1382 1269 1496 1325 quod
1531 1268 1638 1311 ritus

175 1354 308 1381 sacros
327 1339 381 1380 ab
400 1338 500 1395 ipsis
522 1347 710 1394 acceptos
730 1337 843 1379 haud
864 1337 1016 1380 aboleri
1036 1337 1263 1394 patiantur.
1297 1338 1433 1379 SCH.

233 1408 331 1460 708.
367 1408 498 1460 τρίτον
530 1405 626 1461 τόδ’]
657 1407 790 1459 τρίτον
815 1420 897 1446 non
928 1406 1074 1447 ordine
1106 1405 1288 1456 tertium,
1319 1405 1391 1448 sed
1421 1421 1474 1448 ex
1503 1406 1638 1448 tribus

177 1489 321 1516 unum.
384 1473 647 1531 Porphyrius
675 1473 727 1515 de
756 1473 978 1515 abstinent.
999 1487 1042 1526 4.
1067 1477 1128 1531 (p.
1151 1474 1250 1529 378.
1271 1475 1346 1528 R.)
1371 1475 1474 1528 φασὶ
1500 1476 1544 1517 δὲ
1574 1475 1638 1517 καὶ

176 1541 450 1594 Τριπτόλεμον
479 1541 705 1594 Ἀθηναίοις
729 1544 1002 1595 νομοθετῆσαι,
1026 1542 1088 1583 καὶ
1117 1546 1195 1583 τῶν
1225 1542 1356 1594 νόμων
1386 1542 1504 1583 αὐτοῦ
1533 1546 1639 1595 τρεῖς

179 1610 236 1651 ἔτι
272 1609 519 1662 Ξενοκράτης
548 1612 570 1651 ὁ
602 1611 830 1664 φιλόσοφος
862 1610 976 1663 λέγει
1010 1609 1211 1662 διαμένειν
1242 1611 1448 1652 Ἐλευσῖνι
1480 1611 1636 1661 τούσδε,

175 1680 306 1730 γονεῖς
324 1680 452 1729 τιμᾶν,
470 1678 584 1721 θεοὺς
605 1682 764 1731 καρποῖς
784 1678 994 1732 ἆγάλλειν,
1017 1678 1093 1728 ζῶα
1112 1677 1165 1730 μὴ
1185 1678 1383 1720 σίνεσθαι.
1420 1679 1638 1720 Postrema

175 1744 302 1785 verba
322 1744 446 1785 miror
465 1760 490 1786 a
511 1745 650 1786 Petito
674 1745 726 1786 ad
754 1745 865 1802 leges
886 1745 1050 1787 Atticas
1081 1750 1140 1801 (p.
1162 1747 1252 1800 68.)
1273 1747 1509 1788 transferri:
1541 1762 1636 1789 car-

167 1812 299 1852 nibus
324 1826 408 1852 non
440 1814 700 1860 vescendum,
719 1827 813 1854 cum
844 1812 972 1869 paulo
1002 1822 1095 1869 post
1125 1813 1385 1856 Xenocrates
1414 1824 1500 1856 tam
1529 1814 1638 1857 clare

175 1878 367 1935 explicet,
402 1878 648 1932 προσέταξεν
685 1885 765 1924 τοῖς
800 1884 961 1933 καρποῖς
994 1881 1082 1924 τοὺς
1123 1882 1236 1924 θεοὺς
1269 1885 1385 1933 τιμᾶν
1418 1883 1638 1935 ὑπολαβὼν

178 1949 337 1997 μᾶλλον
357 1946 407 1988 ἂν
426 1950 620 1999 διαμεῖναι
641 1948 712 1998 τὴν
732 1949 875 2000 ταύτην
894 1949 929 1989 εἷ
946 1947 999 2000 μὴ
1018 1950 1219 2001 γίγνοιντο
1239 1952 1321 1993 τοῖς
1340 1953 1444 1992 θεοῖς
1470 1952 1534 1992 διὰ
1558 1954 1638 1992 τῶν

176 2014 284 2062 ζώων
304 2015 451 2055 θυσίαι.
485 2015 558 2056 ST
562 2016 708 2056 ANL.

237 2094 335 2134 711.
355 2081 479 2137 ὑμεῖς]
499 2082 610 2133 ἡμεῖς
630 2083 695 2124 Μ.
718 2082 861 2124 Guelf.
885 2082 988 2124 Ald.
1011 2084 1122 2126 Rob.

233 2149 286 2200 μὴ
315 2148 467 2201 τρέσητ’
505 2150 642 2191 Turn.
677 2150 821 2206 Steph.
863 2150 916 2203 μὴ
948 2151 1115 2204 τρέσαιτ’
1153 2151 1280 2201 Rob.>
1298 2167 1350 2194 ex
1384 2153 1634 2209 conjectura.

176 2219 316 2270 μῆτρες
334 2218 395 2258 ἀεὶ
417 2218 482 2259 Μ.
505 2217 651 2260 Guelf.
672 2218 776 2259 Ald.
796 2227 838 2260 et
856 2219 985 2260 codex
1008 2218 1253 2261 Robortelli.

237 2295 331 2339 713.
364 2286 807 2342 ἱκεταδόκου-σκοπῆς]
828 2285 1039 2328 Nimirum
1069 2302 1141 2328 ara
1170 2291 1247 2329 τῶν
1273 2289 1453 2341 ἀγωνίων
1474 2292 1575 2330 θεῶν
1594 2288 1637 2330 in

178 2351 319 2407 paullo
357 2352 528 2394 editiore
565 2353 658 2395 loco
695 2364 782 2396 erat
820 2354 968 2409 posita,
1010 2354 1122 2396 unde
1160 2366 1404 2411 prospectus
1442 2355 1484 2396 in
1524 2371 1639 2398 mare

178 2419 360 2474 patebat.
392 2421 523 2462 SCH.
560 2422 788 2465 ἆποσκοπᾶς
817 2421 919 2464 Ald.
962 2423 1190 2474 ἆποσκοπῆς
1221 2423 1331 2464 Rob.
1377 2423 1454 2464 ἀπὸ
1487 2427 1639 2468 σκοπᾶς

181 2486 318 2527 Turn.

238 2565 334 2605 714.
354 2554 514 2610 πλοῖον]
535 2559 675 2597 πλεῖον
696 2556 840 2597 Guelf.
864 2556 966 2597 Ald.

237 2621 408 2672 εὔσημον
425 2623 501 2674 γὰρ
522 2622 567 2663 οὔ
585 2639 635 2673 με
654 2622 861 2678 λανθάνει]
883 2622 1206 2678 Intelligendum
1239 2623 1302 2674 ὂν,
1325 2623 1401 2664 nisi
1428 2624 1470 2665 id
1500 2625 1638 2680 ipsum

179 2686 416 2728 addendum
438 2698 500 2730 est
521 2690 691 2740 εὔσημον
709 2693 786 2743 γὰρ
806 2691 853 2731 ὅν
872 2689 910 2741 μ’
931 2690 976 2730 οὐ
995 2690 1199 2732 λανθάνει.

240 2766 338 2810 715.
360 2755 700 2811 στολμοὶ-νεὼς]
722 2755 805 2797 scil.
828 2757 873 2797 οὐ
894 2757 1142 2799 λανθάνουσί
1157 2775 1218 2810 με.
1252 2760 1451 2815 Agnosco
1471 2775 1640 2817 quoque

181 2822 366 2863 velorum
394 2829 641 2864 ornamenta
669 2829 708 2864 et
737 2824 926 2866 tabulata
955 2826 1092 2866 navis.
1124 2828 1387 2879 παραρρύσεις
1417 2829 1514 2872 νεὼς
1543 2827 1569 2870 i.
1597 2845 1638 2885 q.

178 2888 277 2930 alias
295 2890 587 2942 παραρρύματα.
620 2890 752 2931 SCH.
