1962 3224
605 152 694 195 AD
727 149 1123 194 EUMENIDES.
1515 146 1601 190 529

188 276 261 321 51.
293 263 468 319 ἄπτεροι]
500 264 568 305 Ita
597 272 638 304 et
665 277 705 303 v.
729 272 825 317 250.
854 259 1001 302 tribuit
1023 258 1164 300 Furiis
1194 259 1345 311 ἄπτερα
1374 257 1598 310 πωτήματα.

132 333 280 374 Alatas
298 331 419 387 fingit
438 330 665 388 Euripides
686 331 822 371 Orest.
843 339 945 384 317.
979 328 1143 368 STAN
1150 326 1202 367 L.

186 412 257 454 52.
288 399 492 454 μέλαιναι]
526 397 754 455 Euripides
786 413 810 438 a
840 396 1082 452 Boettigero
1110 410 1153 451 p.
1185 406 1251 450 29.
1282 391 1433 434 citatus
1460 392 1596 434 Orest.

128 469 227 519 408.
269 467 375 509 νυκτὶ
413 470 655 520 προσφερεῖς
696 467 813 519 κόρας
847 474 888 506 et
919 475 1019 519 320.
1058 465 1339 516 μελαγχρῶτες
1372 461 1600 513 Εὐμενίδες.

130 535 286 576 Electr.
303 548 424 590 1345.
444 534 782 589 χειροδράκοντες,
803 537 936 587 χρῶτα
957 532 1150 573 κελαιναί.
1187 529 1322 586 Apud
1347 527 1600 584 AEschylum

131 600 272 642 Furiae
302 611 403 642 atrae
432 610 637 642 vocantur
667 601 783 656 Sept.
810 601 907 654 962.
933 609 1030 654 977.
1053 600 1207 654 Agam.
1228 611 1326 652 450.
1359 597 1430 638 ubi
1462 607 1600 638 tamen

129 684 211 710 non
243 684 350 725 opus
381 678 442 710 est
476 668 658 724 cogitare
695 669 746 710 de
779 666 963 723 corporis
998 666 1148 716 colore,
1182 675 1228 707 ut
1261 664 1304 706 in
1339 665 1430 706 loco
1462 664 1604 707 Ovidii

130 737 266 793 Epist.
287 736 464 778 Heroid.
486 751 501 778 1
515 750 551 786 1,
567 750 643 792 103
661 753 670 777 :
705 736 749 777 F
746 741 831 776 erte
833 735 963 790 faces
982 736 1029 775 in
1050 748 1127 784 me,
1148 733 1398 790 quasfirtis
1413 734 1603 790 Erinyes

128 810 251 845 atrae.
314 805 366 845 In
397 804 554 861 hymno
574 805 708 861 Orph.
733 814 801 858 70,
825 804 865 844 6.
899 802 1095 843 dicuntur
1125 802 1405 855 κυανόχρωτοι.
1470 800 1603 857 Apud

131 873 309 914 Statium
333 873 474 914 Theb.
495 886 532 924 1,
553 883 652 927 597.
674 887 790 927 seqq.
819 876 1004 912 monstro
1026 870 1255 910 Acheronte
1284 869 1360 910 sub
1391 871 1474 909 imo
1503 882 1602 909 con-

127 946 240 996 cepto
257 940 543 982 Eumenidum
564 940 759 981 thalamis
781 938 979 980 tribuitur
980 938 1252 994 firruginea
1254 938 1410 992 frons.
1445 937 1602 978 Pausa-

129 1007 216 1048 nias
238 1008 276 1058 8,
297 1021 367 1063 34,
391 1021 429 1049 2.
450 1007 540 1048 haec
566 1007 717 1048 refert:
750 1006 891 1049 ταύτας
920 1007 989 1048 τὰς
1020 1007 1114 1048 θεὰς
1145 1004 1354 1059 (Furias),
1385 1005 1500 1056 ἡνίκα
1533 1004 1604 1046 τὸν

129 1074 326 1128 Ὀρέστην
347 1076 523 1129 ἔκφρονα
544 1075 719 1127 ἔμελλον
738 1074 920 1124 ποιήσειν
936 1074 1064 1126 φασὶν
1079 1072 1182 1127 αὐτῷ
1199 1076 1374 1126 φανῆναι
1393 1074 1600 1124 μελαίνας·

128 1144 180 1186 ὡς
200 1144 243 1184 δὲ
263 1142 448 1196 ἀπέφαγε
467 1143 538 1184 τὸν
557 1142 763 1189 δάκτυλον,
785 1143 854 1184 τὰς
884 1142 925 1181 δὲ
957 1141 1067 1184 αὖθις
1096 1145 1227 1182 δοκεῖν
1251 1143 1289 1182 οἱ
1316 1143 1461 1184 λευκὰς
1482 1141 1603 1192 εἶναι,

133 1212 197 1252 καὶ
228 1211 348 1252 αὐτὸν
375 1211 639 1264 σωφρονῆσαί
665 1226 708 1251 τε
740 1210 802 1250 ἐπὶ
829 1210 876 1265 τῇ
903 1208 987 1263 θέᾳ,
1011 1209 1074 1250 καὶ
1095 1210 1193 1250 οὕτω
1214 1213 1299 1252 ταῖς
1318 1210 1392 1261 μὲν
1415 1209 1603 1262 ἐνήγισεν

129 1278 364 1332 ἀποτρέπων
383 1278 429 1319 τὸ
448 1278 596 1330 μήνιμα
617 1278 757 1325 αὐτῶν,
779 1280 863 1320 ταῖς
882 1278 926 1318 δὲ
948 1277 1067 1318 ἔθυσε
1085 1281 1171 1319 ταῖς
1200 1281 1370 1320 λευκαῖς.
1431 1276 1506 1317 Ad
1537 1276 1600 1317 ni-

127 1361 223 1401 gras
242 1356 374 1388 vestes
395 1345 618 1386 Furiarum
641 1355 828 1401 spectant
846 1344 890 1385 hi
910 1343 987 1385 loci
1010 1343 1240 1400 AEschylei,
1265 1344 1454 1401 Choepb.
1476 1357 1600 1396 1044.

127 1414 255 1454 Eum.
282 1426 381 1469 332.
406 1423 503 1468 353.
566 1413 618 1454 In
647 1414 759 1469 Sept.
783 1413 880 1454 682.
902 1421 1156 1453 memoratur
1175 1412 1409 1465 μελαναιγὶς
1427 1412 1597 1465 Ἐρινὺς,

126 1496 224 1537 quae
243 1481 470 1522 scholiastae
491 1491 551 1522 est
572 1480 768 1533 μέλαιναν
789 1481 921 1533 αἰγίδα
941 1483 1134 1532 φοροῦσα.
1167 1480 1523 1521 WIESELER.

183 1549 486 1605 βδελύκτροποι]
508 1549 772 1602 βδελύτροποι
794 1549 850 1589 Τ.
881 1548 1148 1598 βδελύκτοποι
1168 1546 1271 1588 Ald.

182 1629 253 1672 53.
293 1616 479 1670 ῥέγκουσι
519 1616 550 1658 δ’
587 1618 632 1658 οὐ
670 1622 889 1659 πλαστοῖσι
925 1615 1189 1671 φυσιάμασιν]
1225 1616 1423 1657 Stertzmt
1456 1622 1596 1657 autem

125 1684 274 1735 halitu,
310 1685 379 1726 cuz·
412 1685 695 1741 periculosum
726 1691 786 1726 est
818 1685 1174 1741 appropinquare.
1241 1683 1358 1724 Male
1392 1683 1597 1740 interpres

128 1751 309 1793 Latinus
329 1762 506 1793 verterat
526 1767 610 1793 non
624 1753 952 1808 fictisflatihus.
986 1751 1172 1808 Hesych.
1192 1751 1357 1792 πλαστά
1376 1768 1384 1792 :
1419 1751 1594 1804 προσπέ-

125 1823 272 1859 λαστα.
332 1820 395 1860 Ut
435 1819 542 1859 enim
578 1833 744 1876 angues
775 1819 889 1875 apud
924 1818 1048 1861 Ovid.
1084 1820 1260 1859 Metam.
1291 1833 1332 1871 4„
1362 1832 1461 1872 494.
1485 1818 1596 1860 Tisi-

127 1885 285 1941 phones
317 1885 499 1927 crinibus
532 1886 699 1942 abrupti
738 1887 955 1943 inspirant
990 1900 1147 1942 graves
1180 1887 1363 1935 animas,
1400 1886 1457 1927 sic
1491 1886 1531 1927 h.
1567 1886 1594 1927 1.

126 1953 329 1994 furiarum
363 1953 514 1994 balitus
542 1953 740 1994 dicuntur
769 1954 816 1994 οὐ
845 1954 1008 1994 πλαστὰ
1041 1951 1272 2005 φυσιάματα
1302 1952 1356 1992 ob
1387 1953 1593 1994 tabificam

127 2021 226 2069 vim,
247 2036 332 2076 qua
351 2021 503 2062 infecta
526 2031 634 2062 sunt.
662 2021 714 2062 cf.
737 2036 775 2061 v.
802 2033 889 2076 ¹37·
913 2035 1005 2076 sqq.
1040 2021 1172 2061 SCH.
1234 2021 1366 2060 Recte
1393 2019 1593 2076 interpre-

127 2098 240 2129 tatur
273 2087 542 2129 Schuetzius:
587 2088 657 2129 sed
679 2103 775 2129 vera
795 2087 983 2128 vocabuli
1002 2087 1136 2127 forma
1156 2091 1346 2127 πλατοῖσι
1366 2098 1440 2139 est,
1465 2103 1592 2143 quam

126 2155 306 2197 restituit
327 2154 550 2197 Elmsleius
570 2156 621 2196 ad
644 2155 794 2211 Eurip.
818 2154 936 2195 Med.
957 2167 1047 2208 149.

183 2225 334 2278 54:31<
372 2222 403 2264 δ’
442 2223 624 2275 ὀμμάτων
661 2225 847 2275 λείβουσι
882 2225 1056 2275 δυσφιλῆ
1088 2221 1202 2277 βίαν]
1240 2222 1362 2272 Quod
1401 2223 1591 2278 Cboeph.

128 2306 166 2332 v,
186 2304 307 2346 1055.
329 2293 371 2343 ἐξ
391 2291 574 2343 ὀμμάτων
595 2291 806 2342 στάζουσιν
827 2292 922 2342 αἷμα
942 2290 1148 2343 δυσφιλές.
1211 2290 1326 2330 Hinc
1347 2291 1594 2341 αἱματωποὺς

125 2368 244 2400 vocat
266 2359 432 2400 Orestes
450 2374 520 2416 ap.
543 2359 694 2415 Eurip.
717 2374 755 2399 v.
780 2360 877 2414 256.
904 2358 1214 2399 ABRESCH.
1241 2359 1339 2409 βίαν
1358 2373 1410 2398 ex
1431 2359 1592 2415 conjec-

125 2434 221 2466 tura
257 2425 456 2481 Sophiani
487 2426 705 2468 ediderunt
742 2427 853 2467 Rob.
888 2427 1024 2466 Turn.
1064 2424 1208 2480 Steph.
1245 2426 1308 2465 δία
1346 2427 1413 2466 Μ.
1447 2427 1590 2469 Guelf.

127 2491 259 2533 codex
280 2492 525 2543 Robortelli,
549 2493 651 2534 Ald.
712 2494 985 2535 Scribendum
1006 2493 1108 2544 λίβα
1126 2507 1223 2533 cum
1246 2493 1301 2533 G.
1325 2494 1542 2549 Burgesio.

182 2570 252 2614 55.
274 2559 432 2614 κόσμος]
455 2559 599 2610 Qualis
619 2560 743 2602 fuerit
763 2561 940 2601 amictus
962 2559 1146 2601 scenicus
1161 2559 1382 2611 furiarum,
1404 2575 1456 2601 ex
1479 2563 1593 2603 Stra-

126 2625 235 2666 bone
261 2624 470 2675 discimus,
499 2625 573 2680 qui
602 2625 655 2666 de
686 2625 1006 2666 Cassiteridibus
1034 2624 1179 2666 insulis
1207 2640 1334 2680 agens
1361 2639 1403 2681 3.
1434 2642 1476 2683 p.
1497 2639 1591 2684 175.

126 2694 208 2735 Τὰς
238 2691 268 2733 δ’
300 2693 440 2739 ἄλλας,
471 2691 623 2747 inquit,
654 2694 830 2734 οἰκοῦσιν
859 2693 1057 2744 ἄνθρωποι
1085 2691 1390 2745 μελάγχλαινοι,
1412 2695 1593 2747 ποδήρεις

128 2760 374 2802 ἐνδεδυκότες
394 2763 575 2813 χιτῶνας,
597 2759 809 2811 ἑζωσμένοι
827 2760 918 2812 περὶ
937 2762 986 2800 τὰ
1006 2759 1164 2811 στέρνα,
1186 2761 1286 2811 μετὰ
1304 2761 1465 2813 ῥαβδῶν
1484 2779 1591 2815 περι-

127 2830 355 2878 πατοῦντες,
389 2828 517 2879 ὅμοιοι
552 2832 638 2871 ταῖς
671 2831 871 2880 τραγικαῖς
902 2830 1093 2870 Ποιναΐςε
1145 2826 1341 2867 discimus
1374 2828 1497 2869 etiam
1537 2845 1590 2871 ex

129 2892 316 2949 Diogene
354 2894 520 2938 Laertio
551 2896 592 2945 6,
623 2907 715 2936 102.
748 2894 788 2935 in
827 2892 1079 2934 Menedemo
1113 2893 1286 2950 Cynico,
1322 2895 1433 2939 οὗτος
1469 2897 1590 2951 (καθά,

814 2974 892 3016 3x
