1962 3224
635 183 724 224 AD
757 181 1200 224 CHOEPHORAS.
1568 180 1652 221 455

241 297 423 354 λιχῆνας]
446 302 474 326 “
495 297 775 353 Impetigines
798 293 962 336 Latinis
981 293 1195 343 dicuntur,
1218 306 1392 334 summae
1411 291 1519 333 cutis
1540 293 1653 343 vitia,

185 381 280 408 cum
301 365 520 422 asperitate
540 363 722 421 quadam
745 373 786 405 et
807 361 887 404 levi
910 361 1092 419 pruritu,
1113 360 1181 402 via
1199 361 1391 417 quaedam
1413 360 1465 401 ad
1488 375 1650 416 psoram

185 442 227 474 et
257 432 381 474 foedae
408 431 554 474 scabiei
586 430 778 488 species.”
813 432 992 473 Foesms
1023 431 1178 471 OEcon.
1202 428 1451 485 Hippocrat.
1483 428 1525 469 in
1554 445 1654 471 voce

186 502 391 554 Λειχῆνες.
452 498 678 540 Pessimam
699 499 826 555 hujus
844 498 977 540 morbi
1004 497 1179 553 speciem
1211 495 1405 538 dicebant
1433 496 1654 551 Ἀγριολει-

185 568 306 620 χῆνες
325 565 390 607 vel
408 564 694 618 Ἀγριοψωρία,
718 574 820 607 teste
841 564 1068 622 Hesychio,
1095 562 1346 620 (AEschylus
1371 565 1525 618 ἀγρίαις
1554 564 1654 619 γνά-

187 635 302 685 θοις.)
365 633 522 674 Confer
546 632 807 690 Hesychium
831 649 871 674 v,
893 635 1097 686 Λειχῆνες,
1123 629 1368 672 salmasium
1397 631 1439 672 in
1470 631 1653 672 Tertull.

186 700 240 742 de
260 699 366 742 Pau.
394 715 436 757 p.
456 714 556 754 401.
580 701 642 742 H.
669 700 813 758 Steph.
837 701 952 742 Dict.
975 698 1093 741 Med.
1114 713 1160 755 p.
1183 710 1281 754 395.
1343 701 1498 741 Noster
1524 700 1653 741 Eum.

188 768 285 823 785.
310 768 460 823 Λειχῆν
481 769 674 823 ἄφυλλος,
698 769 875 813 ἄτεκνος.
909 769 1142 813 BLOMF.

245 836 341 877 282.
380 839 526 880 λευκὰς
557 838 599 878 δὲ
634 837 793 893 κόρσας]
830 838 961 879 Hunc
997 854 1163 881 versum
1197 840 1297 881 citat
1331 838 1476 894 Etym.
1517 837 1581 878 M.
1615 845 1657 878 et

189 903 374 945 Gudian.
396 919 426 945 s.
447 919 487 946 v,
510 905 662 958 κόρσαι.

246 971 528 1027 ἐπαντέλλειν]
554 972 792 1015 ἐπαντέλλει
813 974 881 1015 Μ.
907 974 1052 1016 Guelf.
1074 975 1175 1017 Ald.

246 1039 340 1094 283.
363 1056 405 1081 τε
425 1040 570 1094 φωνεῖ]
598 1039 872 1082 Scribendum
894 1040 925 1082 τ’
949 1043 1096 1096 ἐφώνει
1114 1058 1211 1084 cum
1233 1043 1412 1083 Aurato.

244 1105 452 1162 Ἐρινύων]
474 1106 690 1161 Ἐριννύων
712 1109 850 1150 Turn.

248 1175 344 1229 285.
378 1175 532 1216 Sensus
562 1184 636 1225 est,
668 1175 778 1218 alias
811 1178 938 1218 etiam
969 1178 1178 1233 praedixit
1205 1177 1446 1219 Furiarum
1479 1190 1657 1233 aggres-

186 1242 324 1283 siones
346 1256 408 1283 me
427 1243 538 1284 clare
558 1244 750 1285 visurum
770 1258 870 1296 esse,
893 1246 959 1286 vel
986 1247 1033 1287 in
1061 1246 1280 1288 nocturnis
1308 1245 1487 1286 tenebris
1502 1260 1515 1285 :
1551 1244 1658 1285 sicut

188 1308 297 1351 infra
335 1309 394 1352 ait
429 1311 611 1362 Orestes,
651 1310 785 1364 Ὑμεῖς
822 1315 897 1365 μὲν
936 1313 1012 1368 οὐχ
1052 1316 1169 1367 ὁρᾶτε
1209 1312 1336 1361 τάσδ’,
1376 1313 1453 1366 ἐγὼ
1493 1312 1523 1353 δ’
1565 1313 1657 1365 ὁρῶ.

189 1378 372 1419 Eumen.
390 1391 482 1430 104.
505 1379 690 1420 Εὕδουσα
718 1381 795 1433 γὰρ
825 1381 931 1434 φρὴν
961 1382 1135 1434 ὄμμασιν
1162 1381 1446 1434 λαμπρύνεται.
1506 1380 1658 1436 Neque

189 1454 327 1487 tamen
349 1445 438 1487 haec
458 1446 569 1487 omni
590 1462 641 1488 ex
662 1457 780 1503 parte
798 1447 901 1489 mihi
921 1447 1100 1504 placent.
1161 1450 1232 1490 An
1262 1448 1486 1504 legendum
1507 1449 1659 1501 ὁρῶντα

188 1514 373 1567 λαμπρόν
420 1513 475 1567 μ’,
528 1529 580 1556 an
631 1515 696 1557 hic
745 1531 887 1558 versus
937 1516 1270 1574 transponendus
1318 1524 1414 1572 post
1456 1530 1497 1556 v,
1530 1515 1658 1575 288?

189 1582 421 1624 BLOMF.
472 1584 570 1625 Non
592 1584 696 1625 male
718 1584 990 1627 Blomfieldus
1009 1600 1173 1627 versum
1196 1583 1551 1641 transponendum
1571 1599 1658 1626 esse

190 1649 368 1705 conjicit.
418 1651 544 1702 Quod
564 1652 597 1693 si
617 1663 726 1694 recte
748 1653 824 1695 hoc
843 1655 934 1696 loco
954 1653 1120 1710 legitur,
1143 1663 1236 1709 post
1255 1652 1495 1705 τελουμένας
1516 1667 1658 1694 versus

192 1731 301 1758 unus
320 1717 486 1760 videtur
511 1719 724 1771 excidisse,
746 1721 787 1762 in
811 1738 896 1778 quo
918 1724 1091 1764 verbum
1114 1722 1266 1763 lectum
1289 1720 1371 1762 fuit
1391 1735 1485 1762 cum
1508 1722 1660 1774 ὁρῶντα

191 1790 528 1832 construendum.
591 1792 741 1847 Neque
767 1792 875 1834 enim
901 1795 1053 1847 ὁρῶντα
1082 1802 1122 1834 et
1154 1796 1343 1844 νωμῶντα
1370 1806 1448 1848 pro
1467 1790 1661 1846 genitivis

191 1857 327 1914 posita
345 1874 431 1900 esse
450 1859 559 1900 credi
582 1869 756 1916 possunt
777 1862 947 1914 ὁρῶντος
974 1862 1347 1913 ἐμοῦ-νωμῶντος,
1369 1858 1485 1914 quod
1506 1857 1662 1899 Bothio

192 1925 363 1982 placuit.
426 1926 587 1968 Eadem
610 1927 782 1968 Dobraei
803 1928 1004 1970 sententia
1030 1929 1113 1970 fuit
1139 1928 1214 1984 qui
1235 1942 1398 1968 versum
1424 1942 1476 1967 ex
1500 1926 1660 1982 conjec-

192 2004 289 2036 tura
308 1994 532 2052 supplevit,
552 1998 714 2036 τοιαῦτα
732 1995 909 2050 πέμψειν
930 1996 1015 2038 εἶπε
1033 1996 1104 2038 τὸν
1124 1998 1222 2038 κατὰ
1241 1995 1400 2049 χθονὸς,
1422 1997 1643 2047 ὁρῶντα-.

254 2062 349 2116 287.
382 2063 426 2103 ἐκ
451 2063 768 2118 προστροπαίων]
793 2063 929 2104 Schol.
952 2065 994 2104 ἐκ
1014 2066 1083 2104 τοῦ
1101 2062 1399 2117 Ἀγαμέμνονος
1419 2061 1661 2103 ἱκετεύοντος

193 2129 282 2173 τοὺς
301 2129 414 2173 θεοὺς
435 2129 667 2182 ἐκδικήσεως
687 2134 834 2185 τυχεῖν.
898 2130 1022 2172 Conf.
1046 2132 1225 2172 Eumen.
1251 2142 1346 2185 234.
1379 2129 1613 2170 BLOMF.

251 2199 295 2239 ἐν
315 2198 443 2256 γένει]
466 2213 544 2255 pro
562 2202 641 2240 τῶν
669 2200 857 2253 ἐγγενῶν.
917 2198 1175 2240 Abreschius
1205 2197 1365 2240 confert
1397 2196 1526 2253 Soph.
1550 2196 1655 2238 OEd.

195 2266 251 2307 T.
278 2279 401 2321 1430.
433 2270 530 2310 Τοῖς
565 2267 610 2307 ἐν
641 2266 751 2319 γένει
781 2268 857 2320 γὰρ
891 2267 1064 2319 τᾶγγενῆ
1098 2265 1260 2318 μάλισθ’
1299 2267 1410 2319 ὁρᾶν,
1443 2265 1596 2308 Μόνοις
1627 2264 1657 2306 τ’

193 2333 351 2375 ἀκούειν
371 2333 545 2386 εὐσεβῶς
565 2333 650 2388 ἔχει
679 2333 790 2375 κακά.
811 2333 909 2375 item
931 2334 1060 2375 Eum.
1081 2336 1178 2390 603.
1211 2333 1318 2388 Ἐγὼ
1349 2335 1392 2375 δὲ
1420 2333 1565 2387 μητρὸς
1593 2337 1660 2386 τῆς

193 2402 286 2453 ἐμῆς
306 2403 350 2443 ἐν
370 2403 525 2455 αἵματι;
559 2403 791 2444 BLOMF.

253 2469 350 2523 289.
374 2470 567 2525 διώκεται]
589 2471 797 2512 διώκεσθαι
818 2471 884 2512 Μ.
907 2469 1051 2512 Guelf.
1073 2468 1175 2511 Ald.

255 2546 350 2588 290.
377 2535 612 2592 πλάστιγγι]
638 2538 683 2577 F
680 2538 818 2594 lagro.
840 2538 1026 2593 Etymol.
1050 2537 1115 2576 M.
1137 2551 1178 2591 p.
1202 2537 1301 2589 674,
1326 2547 1395 2577 20.
1417 2534 1657 2588 Πλάστιγξτ

194 2599 393 2652 ἡμάστιξ·
426 2602 504 2642 ἀπὸ
531 2606 600 2643 τοῦ
623 2603 836 2655 πλήσσειν.
867 2603 956 2657 παρ’
981 2604 1183 2659 Αἰσχύλῳ.
1217 2602 1399 2658 Hesych.
1421 2601 1655 2655 Πλάστιγξε

194 2668 354 2721 μάστιξ.
387 2669 612 2712 STANL.

255 2748 353 2791 291.
376 2739 580 2790 κρατῆρος]
606 2738 792 2791 κρατερὸς
814 2739 877 2778 Μ.
902 2737 1046 2778 Guelf.
1070 2736 1169 2778 Ald.
1191 2746 1232 2778 et
1252 2736 1344 2779 cod.
1366 2735 1614 2777 Robortelli.

252 2804 389 2862 μέρος]
411 2804 552 2857 μέρους
572 2804 685 2845 Rob.

255 2884 350 2927 292.
386 2872 503 2924 λιβὸς
537 2872 674 2913 Turn.
714 2872 831 2923 λίβος
859 2870 954 2913 libri
986 2869 1145 2927 reliqui.
1209 2870 1484 2913 Scribendum
1516 2873 1659 2923 λίβους

195 2953 289 2980 cum
312 2938 554 2980 Abreschio.
