1962 3224
347 178 431 218 550
821 178 1239 219 ANNOTATION
1243 178 1315 218 Es

346 285 576 337 Ἀθηναίους
594 287 681 338 περὶ
702 290 769 327 τοῦ
787 288 930 340 χωρίου
948 288 1045 340 πρὸς
1064 288 1151 330 τοὺς
1176 288 1474 338 Μιτυληναίους,
1497 287 1703 330 ἀκούοντος
1722 289 1787 338 τῆς

348 353 453 404 δίκης
473 353 716 405 Περιάνδρου
736 352 783 394 ὃν
804 354 866 394 καὶ
885 358 967 397 τοῖς
984 353 1205 406 Ἀθηναίοις
1221 357 1465 406 προσκρῖναι.
1516 354 1625 394 Haec
1649 352 1715 394 ille
1735 368 1785 394 ex

347 419 619 474 Apollodoro.
672 421 733 460 At
754 429 845 475 post
866 420 1072 461 victoriam
1096 419 1244 461 Pittaci
1275 434 1325 460 ne
1355 419 1410 461 sic
1430 419 1596 475 quidem
1624 419 1786 460 finitum

346 501 431 527 esse
461 486 628 537 bellum,
659 496 799 527 contra
829 502 954 542 quam
985 487 1105 528 sentit
1134 485 1377 536 scholiastes,
1409 486 1521 526 testis
1551 496 1611 526 est
1640 486 1787 527 Strabo

345 552 372 594 l.
394 568 427 594 c.
461 553 663 596 Μένοντος
693 552 722 594 δ’
752 553 808 593 ἔτι
837 557 904 593 τοῦ
935 552 1122 604 πολέμου,
1151 552 1298 607 inquit,
1330 553 1570 604 Περίανδρος
1599 553 1788 604 διαιτητὴς

347 620 512 672 αἱρεθεὶς
540 619 614 659 ὑπὸ
639 620 785 671 ἀμφοῖν
816 619 935 660 ἔλυσε
960 619 1027 660 τὸν
1053 621 1241 671 πόλεμον.
1303 620 1451 674 Neque
1478 634 1659 674 unquam
1689 629 1787 660 tunc

346 685 540 741 temporis
578 685 630 725 ad
667 685 931 740 Mitylenaeos
969 685 1147 726 delatum
1184 695 1242 727 est
1285 685 1467 740 Sigeum,
1503 694 1702 740 quantum
1736 701 1787 726 ex

348 752 565 793 Herodoto
585 751 782 806 conjicere
803 761 877 801 est,
898 764 941 804 5,
963 764 1032 806 95.
1064 752 1210 793 Refert
1230 751 1338 792 enim
1364 751 1445 800 ille,
1467 752 1652 792 statuisse
1673 752 1786 793 Peri-

346 818 520 858 andrum
543 827 590 859 ut
611 818 775 872 utrique
796 833 842 858 ea
862 817 1039 858 colerent
1059 833 1152 872 quae
1174 818 1386 866 haberent,
1407 827 1531 872 atque
1559 818 1637 859 hoc
1666 819 1788 859 modo

349 884 516 939 Sigeum
537 884 692 924 factum
714 899 798 924 esse
821 884 1149 925 Atheniensium.
1183 885 1416 936 Κατήλλαξε
1436 886 1480 926 δὲ
1493 883 1578 939 ‹56⁶-
1603 884 1789 936 νέμεσθαι

347 949 550 1002 ἑκατέρους
579 950 649 1000 τὴν
680 950 830 1003 ἔχουσι.
882 952 1039 1003 Σίγειον
1065 952 1138 1002 μὲν
1169 954 1237 991 νῦν
1269 952 1366 991 οὕτω
1401 950 1557 1003 ἐγένετο
1588 951 1651 992 ὑπ’
1671 950 1786 1003 Ἀθη-

347 1018 505 1058 ναίοισι.
556 1018 772 1057 Hactenus
811 1017 862 1058 de
901 1017 1248 1073 interpretatione,
1282 1032 1406 1072 quam
1441 1017 1609 1058 adducit
1647 1017 1789 1058 scholi-

345 1092 473 1123 astes:
507 1083 684 1138 poterint
705 1098 815 1133 vero,
838 1083 868 1123 si
896 1083 960 1124 cui
992 1084 1078 1124 haec
1109 1098 1189 1124 non
1220 1083 1388 1124 fecerint
1419 1083 1529 1133 satis,
1553 1084 1676 1124 verba
1703 1083 1788 1124 Mi-

348 1165 485 1191 nervae
515 1151 626 1191 nude
655 1160 696 1191 et
724 1151 947 1192 secundum
979 1151 1135 1192 literam
1166 1150 1349 1207 intelligi,
1370 1151 1420 1191 de
1442 1151 1615 1201 Graecis,
1635 1151 1707 1206 qui
1738 1166 1788 1191 ex

348 1218 532 1273 Trojana
552 1217 810 1273 expeditione
832 1217 1036 1259 redierint.
1071 1219 1293 1259 STANL.
1331 1218 1400 1268 τὴν
1421 1217 1789 1270 καταφθατουμένην

346 1284 453 1335 libri,
473 1285 585 1340 quod
607 1285 821 1326 scholiasta
840 1301 912 1340 per
934 1285 1246 1338 καταφθάσασαν
1266 1284 1456 1340 explicat.
1490 1284 1671 1326 Verbum
1693 1283 1789 1324 sini-

346 1354 440 1409 plex
462 1354 673 1395 annotavit
694 1353 930 1409 Hesychius
950 1353 1157 1409 φθατήσῃε
1190 1352 1337 1409 φθάσῃ.

400 1433 498 1471 401.
522 1420 589 1475 εἷς]
615 1420 883 1461 Scribendum
907 1422 958 1463 ἐς.

400 1500 497 1541 403.
529 1489 692 1540 ἄτρυτον
721 1488 840 1542 πόδα]
879 1488 960 1528 His
992 1487 1125 1528 verbis
1157 1486 1257 1527 nihil
1289 1486 1399 1528 aliud
1431 1486 1682 1542 significatur
1715 1486 1789 1526 nisi

345 1568 433 1595 eam
468 1569 590 1594 cursu
619 1554 830 1604 indefesso,
857 1554 898 1594 id
927 1561 987 1594 est
1007 1554 1118 1595 nulla
1138 1553 1374 1610 interposita
1394 1554 1544 1609 quiete,
1567 1553 1789 1603 advenisse,

345 1634 605 1675 nequaquam
638 1636 734 1662 vero
761 1620 935 1676 pedibus
966 1620 1043 1660 iter
1075 1620 1307 1671 confecisse,
1334 1620 1444 1675 quod
1476 1620 1527 1660 de
1556 1625 1648 1661 aera
1679 1620 1789 1675 traji-

345 1686 476 1727 ciente
510 1686 723 1742 imaginari
758 1688 877 1742 plane
908 1698 1009 1728 esset
1042 1687 1273 1728 ridiculum.
1335 1687 1416 1727 Illa
1451 1702 1546 1727 vero
1575 1688 1790 1739 ῥοιβδοῦσα

347 1754 495 1794 κόλπον
525 1754 673 1806 αἰγίδος
703 1753 779 1795 hoc
805 1763 963 1794 tantum
995 1753 1247 1809 exprimunt,
1267 1753 1384 1794 deam
1416 1762 1530 1793 tanta
1559 1767 1652 1793 cum
1683 1752 1789 1793 velo-

345 1819 466 1860 citate
492 1823 589 1860 aera
609 1829 788 1860 tranasse
815 1828 862 1861 ut
889 1835 939 1860 ex
967 1820 1056 1875 ipso
1086 1829 1222 1860 motus
1250 1818 1485 1860 incitatioris
1514 1818 1670 1874 impetu
1701 1818 1790 1859 stri-

345 1885 461 1926 deret
490 1885 632 1941 aegidis
661 1886 784 1937 sinus,
806 1886 918 1942 quod
947 1902 1065 1942 aeque
1091 1886 1270 1927 evenisse
1299 1885 1432 1941 potuit
1451 1886 1534 1926 sive
1557 1900 1680 1926 curru
1708 1885 1790 1926 sive

346 1951 524 2007 pedibus
554 1952 698 1994 fuisset
729 1967 829 2004 usa3
860 1968 955 1994 nam
989 1953 1063 1993 alis
1097 1968 1184 1994 eam
1221 1967 1303 1994 non
1334 1952 1460 1993 fuisse
1495 1967 1609 1992 usam
1641 1951 1790 1992 diserte

346 2028 609 2061 memoratur.
661 2019 862 2061 Absurda
891 2019 1118 2061 scholiastae
1146 2019 1285 2076 opinio
1311 2030 1386 2070 est,
1410 2019 1526 2060 deam
1555 2018 1686 2074 aegide
1717 2034 1791 2074 pro

346 2085 438 2126 velo
478 2101 593 2126 usam
633 2086 932 2142 navigationem
972 2087 1277 2142 quodammodo
1311 2101 1384 2143 per
1421 2093 1517 2127 aera
1555 2085 1789 2127 instituisse.

346 2153 587 2193 HEATH.
646 2152 882 2194 Scholiastae
902 2154 1135 2209 opinionem
1156 2164 1319 2195 secutus
1341 2153 1626 2194 Wakefieldus
1645 2153 1791 2194 πώλοις

344 2218 385 2259 in
408 2220 550 2262 κώλοις
570 2219 815 2261 mutandum
837 2235 923 2260 esse
943 2220 1129 2275 conjecit.

399 2299 496 2338 404.
517 2286 750 2340 ῥοιβδοῦσα]
770 2287 956 2339 ῥοιδοῦσα
977 2286 1120 2328 Guelf.
1140 2287 1241 2327 Ald.

401 2355 499 2404 406.
524 2352 660 2403 καινὴν
681 2353 899 2394 Canterus.
934 2353 997 2394 καὶ
1016 2356 1087 2395 νῦν
1106 2352 1210 2394 libri.

400 2418 521 2474 τήνδ’]
543 2419 648 2470 τῆσδ’
670 2420 766 2460 Par.

399 2499 496 2541 409.
530 2485 710 2540 ἐφημένῳ
742 2486 855 2541 ξένῳ]
893 2486 1042 2528 Nescio
1079 2501 1130 2527 an
1163 2486 1259 2526 satis
1292 2486 1506 2541 perspicuo
1539 2496 1579 2527 et
1614 2486 1789 2527 evidenti

342 2562 589 2609 argumento
618 2552 712 2593 hinc
741 2552 964 2604 evincatur,
1000 2552 1234 2594 Palladium
1267 2552 1520 2594 Atheniense
1554 2553 1679 2594 fuisse
1713 2561 1790 2594 sta-

343 2630 456 2662 tuam
492 2619 714 2669 sedentem,
748 2634 827 2659 non
866 2629 1028 2660 rectam.
1090 2620 1158 2660 Eo
1197 2628 1331 2660 tamen
1372 2618 1512 2660 utitur
1540 2620 1687 2661 Strabo
1721 2633 1787 2674 13.

342 2703 384 2743 p.
407 2689 502 2728 601.
525 2695 667 2727 contra
683 2685 866 2734 Ilienses,
886 2685 1092 2727 affirmans
1113 2685 1292 2727 Palladis
1323 2694 1496 2726 statuam
1528 2686 1581 2727 ab
1605 2685 1662 2726 eis
1691 2695 1790 2727 tunc

341 2753 536 2810 temporis
564 2752 732 2802 cultam,
759 2767 854 2808 quae
892 2760 1003 2793 recta
1041 2752 1138 2802 fuit,
1173 2752 1343 2793 eandem
1374 2767 1458 2793 esse
1494 2767 1574 2793 non
1611 2753 1790 2808 potuisse

341 2835 435 2861 cum
456 2819 589 2876 prisca
614 2818 849 2869 Homerica,
869 2819 921 2860 de
941 2834 1024 2874 qua
1044 2819 1100 2860 sic
1122 2820 1333 2861 Homerus
1357 2819 1408 2860 11.
1431 2823 1479 2870 Z,
1501 2832 1567 2874 92.

513 2889 638 2927 θεῖναι
657 2884 865 2937 Ἀθηναίης
886 2885 948 2926 ἐπὶ
969 2886 1160 2937 γούνασιν
1174 2910 1230 2917 —
