1962 3224
357 193 442 233 530
828 193 1323 234 ANNOTATIONES

357 307 481 354 φησιν
505 300 756 356 Ἱππόβοτος)
786 304 839 345 εἷς
863 307 1051 345 τοσοῦτον
1076 306 1271 356 τερατείας
1298 303 1463 355 ἤλασεν,
1494 303 1595 343 ὥστε
1622 301 1796 353 Ἐρινύος

358 369 574 420 ἀναλαβὼν
594 372 728 422 σχῆμα
746 368 906 426 περιῄει,
926 369 1057 422 λέγων
1077 371 1288 412 ἐπίσκοπος
1307 371 1474 422 ἀφῖχθαι
1495 370 1535 419 ἐξ
1558 367 1696 408 ’Άιδοῦ
1720 370 1798 406 τῶν

358 434 698 486 ἁμαρτανομένων,
733 436 835 478 ὅπως
868 434 989 476 πάλιν
1019 436 1158 476 κατιὼν
1185 438 1305 476 ταῦτα
1334 435 1580 488 ἀπαγγέλλοι
1608 437 1688 476 τοῖς
1717 434 1799 474 ἐκεῖ

359 502 552 551 δαίμοσιν.
583 500 632 550 ἦν
661 502 703 540 δὲ
733 501 832 555 αὐτῷ
863 501 886 552 ἡ
917 501 1034 550 ἐσθὴς
1064 503 1167 552 αὕτη·
1208 502 1327 554 χιτὼν
1357 501 1474 554 φαιὸς
1501 500 1682 552 ποδήρης,
1710 498 1798 550 περὶ

359 566 461 620 αὐτῷ
483 566 581 616 ζώνη
601 569 768 618 φοινικῆ·
799 571 914 609 πῖλος
941 567 1166 619 Ἀρκαδικὸς
1195 568 1258 608 ἐπὶ
1286 570 1352 618 τῆς
1378 569 1566 619 κεφαλῆς,
1589 566 1690 618 ἔχων
1715 566 1799 605 ε’νυ-

359 631 546 684 φασμένα
575 633 623 672 τὰ
654 633 800 673 δώδεκα
827 636 1015 685 στοιχεῖα,
1039 633 1204 684 ἐμβάται
1223 634 1407 686 τραγικοὶ,
1428 621 1570 685 πώγων
1588 630 1799 683 ὑπερμεγέ-

360 701 441 748 θης,
462 697 610 750 ῥάβδος
631 699 674 738 ἐν
695 699 739 749 τῇ
759 699 860 751 χειρὶ
879 699 1046 750 μειλίνη.
1078 699 1294 739 STANL.

415 776 484 818 57.
515 764 558 804 τὸ
588 765 948 818 φῦλον-ὁμιλίας]
977 764 1141 805 Stanlei.
1171 765 1487 819 interpretatur:
1523 764 1688 804 Gentem
1718 763 1797 803 hu-

345 831 470 885 jusce
498 831 724 870 commercii
753 844 956 886 nusquam
986 831 1086 870 vicli.
1135 832 1197 871 At
1218 832 1351 881 ὁμιλία
1368 830 1409 870 h.
1430 830 1457 871 l.
1480 839 1539 870 est
1559 830 1585 870 i.
1604 845 1645 884 q.
1665 830 1800 880 ὅμιλος

360 896 544 951 adeoque
573 902 718 937 coetum
748 896 973 950 significat;
1014 897 1068 937 sic
1095 907 1214 937 antea
1234 896 1452 948 θαυμαστὸς
1471 901 1661 948 γυναικῶν
1680 897 1801 948 λόχος

361 978 398 1004 ν.
420 964 490 1013 46.
551 962 802 1003 Vertendum
832 961 985 1017 igitur:
1032 963 1254 1017 Nusquam
1285 962 1373 1002 vidi
1402 962 1620 1001 mulierum
1646 974 1800 1016 genus,

363 1043 534 1084 quocum
551 1029 659 1068 hunc
678 1034 823 1069 coetum
843 1042 1080 1084 comparare
1096 1042 1268 1084 possem.
1301 1029 1430 1068 SCH.

418 1096 486 1148 58.
508 1094 585 1135 οὐδ’
606 1095 689 1145 ἥτις
709 1094 775 1136 αἶα
793 1096 856 1136 Μ.
881 1095 991 1136 Rob.
1013 1094 1090 1135 οὐδ’
1111 1095 1173 1145 ἥτι
1192 1098 1287 1147 γαῖα
1309 1095 1364 1135 Τ.
1385 1095 1429 1135 οὐ
1449 1095 1531 1144 δήτι
1549 1098 1643 1146 γαῖα
1665 1094 1801 1133 Turn.

368 1161 508 1217 Steph.
540 1161 617 1202 οὐδ’
642 1164 732 1204 εἴτις
751 1165 846 1214 γαῖα
866 1161 968 1202 Ald.

418 1239 487 1282 59.
510 1228 661 1281 ἀνατεὶ]
684 1227 951 1268 Scribendum
975 1229 1098 1268 ἀνατί.

420 1294 693 1350 μεταστένειν]
715 1295 813 1345 μετὰ
835 1293 990 1334 στένειν
1010 1294 1144 1333 Turn.

422 1361 572 1413 πόνων]
600 1359 868 1400 Scribendum
889 1361 1011 1400 πόνον
1030 1374 1121 1400 cum
1144 1358 1344 1399 Arnaldo.

423 1429 490 1467 60.
512 1427 721 1467 τάντεῦθεν
740 1426 826 1480 ἤδη]
847 1428 1030 1467 τάντεΰθε
1049 1427 1122 1477 μὲν
1141 1427 1210 1466 οὖν
1230 1427 1283 1465 Τ.

423 1495 491 1536 62.
508 1493 576 1547 63.
600 1492 1125 1548 ἰατρομάντις-καθάρσιος]
1142 1493 1254 1533 Bene
1273 1491 1360 1532 haec
1381 1489 1673 1547 supplementis
1692 1488 1804 1529 illus-

367 1559 490 1601 travit
520 1558 762 1600 scholiastes.
825 1558 865 1599 Si
894 1574 958 1599 res
977 1558 1174 1599 medicina
1194 1566 1300 1613 eget,
1321 1558 1503 1598 medicus
1525 1566 1611 1603 est;
1646 1556 1677 1596 si
1703 1555 1806 1596 divi-

368 1626 545 1675 natione,
566 1640 741 1681 aruspex
762 1635 849 1671 est;
883 1625 915 1665 si
935 1624 1180 1680 expiatione,
1202 1634 1260 1665 est
1281 1624 1329 1674 is,
1349 1624 1422 1679 qui
1442 1624 1614 1664 lustrare
1635 1633 1673 1663 et
1700 1637 1803 1678 pur-

367 1707 465 1748 gare
485 1691 628 1732 valeat.
659 1695 785 1732 τοῖσιν
812 1692 950 1734 ἄλλοις
980 1691 1163 1742 δωμάτων
1189 1691 1397 1743 καθάρσιος
1425 1699 1559 1746 potest
1587 1689 1802 1744 explicari:

368 1759 466 1800 alias
484 1772 649 1813 quoque
667 1757 776 1798 aedes
795 1757 903 1798 valet
921 1772 1114 1813 purgare,
1135 1768 1291 1812 quanto
1316 1757 1444 1813 magis
1471 1771 1563 1797 suas
1591 1755 1699 1796 aedes
1729 1755 1806 1797 hac

369 1825 590 1866 Furiarum
612 1833 653 1865 et
673 1824 826 1865 Orestis
845 1824 1061 1880 praesentia
1081 1823 1385 1864 contaminatas.
1447 1823 1512 1864 Sic
1538 1822 1658 1863 etiam
1689 1822 1805 1864 scho-

369 1891 503 1932 liastes
522 1890 691 1946 accepit.
725 1891 855 1931 SCH.

426 1959 496 2012 65.
516 1958 649 2010 πρόσω
669 1957 718 2011 δ’]
738 1957 908 2008 πρόσωθ“’
928 1955 1214 1996 Wakefieldus
1231 1956 1396 1996 frustra.

428 2026 495 2065 66.
515 2024 665 2078 πέπων]
685 2041 746 2076 γρ.
767 2023 926 2075 πρέπων
946 2023 1011 2063 Μ.
1034 2023 1131 2063 Par.

429 2091 495 2143 67.
516 2089 893 2145 Interpunctionem
922 2098 1015 2144 post
1033 2090 1140 2144 ὕπνῳ
1161 2089 1287 2145 vulgo
1305 2089 1491 2145 positam,
1511 2104 1536 2130 a
1556 2089 1665 2131 Rob.
1689 2089 1809 2144 plane

370 2156 574 2206 omissam,
594 2165 685 2211 post
705 2158 797 2209 ὁρᾷς
817 2155 1023 2196 transtulit
1044 2155 1236 2196 Bothius.

429 2224 497 2276 69.
537 2226 684 2279 γραῖαι,
723 2222 889 2262 παλαιαὶ
927 2222 1078 2275 παῖδες]
1119 2225 1251 2274 γραῖαι
1289 2235 1339 2261 ex
1373 2220 1612 2275 glossemate
1648 2220 1807 2261 illatum

371 2287 507 2328 inutili
525 2301 671 2327 nomen
699 2286 856 2340 expulit
879 2286 1165 2335 necessarium,
1184 2286 1296 2342 quod
1326 2286 1501 2327 restituit
1523 2285 1810 2327 Valckenarius

372 2354 425 2394 ad
447 2352 606 2394 Callim.
628 2367 668 2408 p.
690 2364 782 2405 147.
813 2352 964 2395 Νυκτὸς
992 2353 1157 2393 παλαιαὶ
1186 2355 1331 2402 παῖδες,
1353 2351 1508 2393 collatis
1528 2367 1567 2392 v.
1592 2364 1688 2407 322.
1711 2365 1808 2406 419.

375 2421 469 2474 748.
489 2421 610 2474 1036.

428 2483 629 2539 μίγνυται]
651 2484 786 2524 Verbo
814 2483 944 2524 utitur
973 2483 1180 2538 ambiguo,
1201 2483 1314 2539 quod
1340 2494 1380 2524 et
1406 2483 1458 2524 de
1485 2483 1569 2525 solo
1590 2484 1683 2525 vitae
1703 2499 1812 2525 oom-

373 2552 523 2594 mercio
543 2561 584 2593 et
603 2551 654 2592 de
673 2550 878 2591 connubio
896 2550 1065 2606 intelligi
1087 2560 1231 2605 potest.

433 2621 498 2672 76.
518 2618 665 2669 βεβῶτ’
686 2617 929 2672 Stephanus.
959 2615 1127 2669 βεβῶντ’
1149 2616 1266 2657 libri:
1299 2616 1411 2671 quod
1438 2616 1596 2672 scripsit
1624 2616 1813 2658 librarius

375 2685 426 2726 de
446 2689 630 2737 βεβῶντα
650 2683 845 2739 cogitans.

432 2751 564 2792 ἀνατεὶ
596 2751 730 2790 Turn.
761 2760 800 2790 et
832 2749 974 2804 Steph.
1004 2749 1263 2805 interpolatio
1291 2758 1363 2790 est.
1405 2749 1454 2790 ἂν
1483 2751 1558 2791 αἰεὶ
1586 2749 1742 2791 codices
1770 2760 1811 2791 et

376 2818 474 2859 Ald.
497 2817 605 2858 Rob.
636 2816 684 2857 ἂν
704 2831 753 2856 ex
778 2817 854 2856 ἀνὰ
878 2825 1116 2871 corruptum
1144 2831 1229 2856 esse
1249 2815 1350 2856 vidit
1370 2817 1644 2857 Hermannus.
1707 2816 1811 2857 Scri-

376 2884 556 2925 bendum
577 2883 703 2939 igitur
723 2883 783 2923 ἀν’
804 2883 877 2923 ἀεί.
