1962 3224
646 145 737 187 AD
767 143 1166 186 EUMENIDES.
1556 142 1644 184 525

235 270 302 314 27.
323 259 526 302 Πλείστου
551 275 594 300 τε
619 256 764 312 πηγὰς]
787 257 889 298 Post
911 253 1109 312 Corycias
1129 252 1352 310 Nymphas
1372 252 1551 294 Plistum
1581 253 1644 294 in-

175 338 295 370 vocat
316 344 329 379 3
378 326 461 368 illae
504 325 613 367 enim
660 324 786 382 hujus
826 322 944 366 fluvii
981 321 1093 372 filiae,
1134 330 1183 362 ut
1222 320 1350 363 refert
1388 319 1645 377 Apollonius

177 409 218 447 2,
241 405 286 450 71
300 408 334 437 1.

347 484 497 525 Πολλὰ
517 483 559 524 δὲ
579 483 778 536 Κωρυκίαι
797 482 948 535 νύμφαι
968 480 1189 522 Πλείστοιο
1212 479 1414 533 θύγατρες.

175 573 290 616 Nihil
321 573 459 616 tritius
487 573 601 631 apud
634 583 777 631 poetas
807 580 978 623 veteres,
1010 585 1136 627 quam
1167 568 1393 612 fluviorum
1422 567 1643 611 invocatio.

174 642 327 683 Noster
345 641 388 682 in
411 641 560 699 Suppl.
582 657 620 683 v.
642 654 764 697 1031.

516 731 602 785 μηδ’
625 732 682 774 ἔτι
701 732 854 773 Νείλου

345 802 522 855 προχοὰς
541 800 728 853 σέβωμεν
746 800 894 852 ὕμνοις.

177 890 402 932 STANL.
435 889 588 947 Scripsi
608 891 814 932 Πλειστοῦ
832 902 926 930 cum
951 886 1146 929 Stanleio.
1177 887 1392 930 πλείστους
1412 886 1477 928 Μ.
1497 887 1643 930 Guelf.

175 958 282 1000 Ald.
305 959 416 1000 Rob.
439 959 585 1015 Etym.
607 959 676 999 M.
698 972 740 1014 p.
761 957 861 1011 676,
883 966 926 1011 5.
952 954 1229 999 Ἀπολλώνιος
1256 957 1314 1010 (2,
1339 956 1470 1010 711.),
1493 959 1644 999 Πολλᾶ

176 1028 218 1068 δὲ
236 1027 431 1080 Κωρύκιαι
452 1027 601 1079 νύμφαι
617 1029 835 1067 Πλειστοῖο
857 1025 1058 1077 θύγατρες.
1086 1023 1190 1067 τινὲς
1211 1024 1528 1077 ἀναγινώσκουσι
1547 1041 1644 1077 προ-

175 1093 492 1148 περισπωμένως,
532 1093 664 1145 ἐπειδὴ
700 1093 764 1134 καὶ
798 1092 874 1134 ὑπὸ
907 1095 984 1133 τῶν
1016 1091 1219 1145 ἐγχωρίων
1248 1091 1411 1145 λέγεται
1439 1092 1645 1136 Πλειστός

176 1163 378 1214 ὀξυτόνως·
430 1161 516 1202 ἔστι
555 1162 598 1202 δὲ
634 1159 809 1213 ποταμὸς
844 1161 888 1201 ε’ν
924 1164 1120 1214 Δελφοῖς.
1162 1158 1407 1214 “Ηρωδιανὸς
1440 1160 1484 1200 δὲ
1518 1160 1563 1201 ἐν
1596 1160 1645 1216 τῇ

175 1230 348 1271 καθόλου
368 1233 570 1272 Πλεῖστος
588 1229 769 1282 βαρύνει.

233 1301 484 1340 Ποσειδῶνος
514 1295 665 1351 κράτος]
692 1297 788 1337 Non
819 1295 905 1337 sine
935 1294 1092 1336 ratione
1121 1303 1162 1336 et
1183 1295 1430 1351 Neptunum
1463 1295 1642 1347 invocat,

175 1365 296 1422 cujus
314 1364 429 1421 prius
449 1364 584 1406 fuerat
610 1364 711 1406 urbs
732 1363 905 1420 Delphi,
927 1362 1058 1405 donec
1089 1378 1179 1404 eam
1201 1362 1398 1405 Calauria
1420 1364 1643 1418 (Taenaro,

176 1442 224 1474 ut
246 1433 396 1474 Strabo
418 1433 454 1473 8.
478 1447 518 1488 p.
541 1434 659 1487 250.)
681 1440 1003 1488 permutaverat.
1065 1430 1344 1472 Callimachus
1367 1431 1440 1487 (fr.
1463 1434 1584 1487 221.)

347 1521 504 1576 Μέσφα
524 1522 770 1574 Καλαυρείης
787 1520 912 1573 ἦλθεν
933 1521 974 1563 ἐς
993 1520 1209 1561 ἀντίδοσιν.

178 1612 401 1654 STANL.
463 1612 691 1653 Invocatur
721 1612 964 1668 Neptunus,
996 1609 1095 1667 quia
1129 1609 1345 1651 colebatur
1377 1609 1570 1667 Delphis,
1601 1618 1644 1653 et

175 1678 220 1720 id
254 1679 422 1735 quidem
457 1678 700 1736 cognomine
728 1678 963 1732 Ἀμοιβέως,
1002 1688 1050 1720 ut
1085 1677 1214 1719 tradit
1247 1679 1426 1720 Tzetzes
1460 1677 1514 1719 ad
1550 1679 1642 1736 Ly-

176 1746 319 1803 cophr.
346 1749 442 1801 617.
502 1747 677 1789 Exstitit
711 1746 905 1805 nimirum
939 1762 1011 1788 ara
1040 1746 1145 1804 ejus,
1174 1746 1217 1788 in
1249 1747 1404 1804 templo
1430 1747 1643 1805 Apollinis

177 1824 401 1857 exstructa.
463 1815 585 1858 Conf.
610 1816 790 1857 Pausan.
807 1828 874 1866 10,
898 1827 966 1868 24,
986 1829 1031 1868 4.
1075 1814 1175 1857 Alia
1195 1824 1257 1857 est
1276 1815 1382 1857 ratio
1402 1831 1478 1858 cur
1497 1816 1539 1857 in
1560 1816 1645 1858 fine

178 1883 332 1927 τέλειος
350 1885 519 1938 ὕψιστος
538 1883 637 1927 Ζεὺς
659 1883 891 1925 invocetur.
951 1882 1054 1924 Fuit
1082 1892 1219 1924 tamen
1247 1883 1370 1925 etiam
1394 1884 1646 1940 Moeragetae

180 1957 317 1990 statua
335 1949 377 1991 in
398 1949 542 1991 eodem
563 1951 730 2007 templo.
752 1950 859 1992 Vide
880 1951 1059 1991 Pausan.
1082 1949 1108 1991 l.
1131 1949 1157 1990 l.
1218 1949 1454 1991 Muellerus
1478 1950 1519 1991 in
1542 1950 1645 1993 edit.

180 2017 362 2059 Eumen.
385 2032 425 2074 p.
450 2031 544 2059 101.
565 2019 596 2059 J
598 2032 716 2059 ovem
736 2017 930 2075 intelligit
947 2021 1188 2072 Λυκωραῖον.
1219 2018 1576 2061 WIESELER.

239 2098 308 2141 29.
331 2085 402 2140 εἰς]
425 2085 700 2127 Scribendum
722 2087 777 2130 ἐς.

236 2165 306 2208 30.
349 2153 530 2209 εἰσόδων]
572 2154 689 2195 Male
727 2154 805 2196 hoc
844 2153 1103 2196 Abreschius
1141 2153 1194 2195 de
1232 2155 1436 2197 reditibus
1473 2155 1646 2213 accepit.

181 2219 355 2262 Rectius
392 2220 656 2263 Wakefield:
689 2223 871 2277 ‚felicior
908 2224 1132 2280 ingressus
1164 2223 1388 2279 prioribus
1426 2225 1648 2281 contingat

179 2289 284 2330 milti
302 2306 317 2337 ,·
361 2288 429 2331 vel
446 2297 495 2331 ut
513 2289 693 2346 pressius
714 2290 858 2347 tragici
877 2291 1003 2333 verba
1023 2305 1273 2346 sequamur:
1290 2340 1293 2341 ⁷
1321 2291 1382 2332 Et
1411 2306 1524 2333 nunc
1553 2291 1648 2348 qui-

180 2355 276 2398 dem
305 2372 467 2414 precor,
497 2364 546 2398 ut
574 2357 664 2399 haec
692 2357 878 2410 numina,
908 2373 1005 2415 quae
1034 2357 1236 2410 invocavi,
1266 2358 1380 2401 hunc
1413 2358 1646 2416 ingressum

182 2425 442 2482 superiorum
461 2425 645 2467 omnium
667 2425 790 2482 longe
809 2426 1105 2468 faustissimum
1126 2442 1213 2468 esse
1227 2426 1380 2475 velint;
1413 2427 1517 2469 ordo
1536 2427 1646 2469 enim

180 2492 402 2534 verborum
423 2492 490 2535 hic
510 2503 592 2535 est:
627 2494 690 2535 καὶ
710 2497 780 2536 νῦν
796 2497 903 2536 δοῖεν
921 2511 971 2547 με
990 2499 1126 2549 τυχεῖν
1138 2497 1273 2551 μακρῷ
1293 2495 1437 2548 ἄριστα
1456 2499 1535 2538 τῶν
1554 2496 1648 2550 πρὶν

184 2561 360 2602 εἰσόδων.
393 2561 524 2602 SCH.

238 2627 389 2682 μακρῷ]
409 2631 567 2680 μακρῶν
586 2627 692 2669 Ald.
716 2630 853 2670 Turn.

241 2708 311 2750 31.
344 2695 402 2735 κεί
429 2693 518 2747 παρ’
547 2693 778 2752 Ἑλλήνων]
805 2695 922 2737 Male
943 2695 1201 2737 Abreschius
1231 2699 1290 2738 κεῖ
1318 2697 1407 2751 πάρ’
1438 2698 1649 2750 Ἑλλήνων

144 2815 147 2820 Ἰ
183 2763 300 2809 τινὲς,
321 2761 439 2817 quasi
466 2762 573 2814 πάρα
601 2776 678 2818 pro
706 2762 865 2815 πάρεισι
893 2762 1052 2803 dictum
1083 2762 1147 2806 sit.
1211 2765 1349 2806 Immo
1378 2764 1559 2821 elliptica
1587 2775 1649 2808 est

182 2829 318 2871 forma
347 2830 406 2870 κεί
433 2827 522 2882 παρ’
551 2827 764 2880 Ἑλλήνων
793 2830 897 2872 τινὲς
925 2829 1097 2883 πάρεισι,
1128 2841 1171 2872 et
1200 2831 1234 2872 si
1267 2832 1404 2874 adsint
1431 2847 1457 2873 a
1487 2832 1648 2875 Graecis

185 2895 421 2938 nationibus
440 2894 566 2953 legati
595 2895 770 2952 quidam
796 2895 1011 2938 oraculum
1041 2897 1285 2950 consulturi,
1308 2900 1403 2942 ἴτων
1431 2898 1546 2957 πάλῳ
1575 2905 1647 2942 λα-
1714 2938 1717 2942 .
