1962 3224
523 188 615 229 AD
646 184 982 228 AGAMEMN
986 183 1070 225 ΟΝ
1074 182 1186 223 ΕΜ.
1510 177 1597 219 327

119 319 160 358 4.
191 315 289 360 393.
320 301 510 352 ἀντίτομα
540 301 709 352 στερεᾶν
740 299 899 339 ὀδυνᾶν.
938 293 1076 337 Schol.
1113 294 1304 346 ἀντίτομα
1337 294 1381 334 δὲ
1417 291 1503 332 εἶπε
1547 294 1598 334 τὰ

121 369 435 424 ἀλεξιφάρμακα,
470 369 568 409 κατὰ
603 367 835 420 μεταφορὰν
867 365 939 416 τὴν
970 363 1048 406 ἀπὸ
1083 366 1162 404 τῶν
1190 362 1415 415 ῥιζοτόμων.
1447 361 1596 402 ἁπλού-

120 455 264 492 στερον
286 439 329 480 δὲ
357 438 403 489 τῇ
435 437 584 491 ίατρικῇ
614 435 825 489 χρώμενοι,
858 434 908 474 τὸ,
936 432 1074 474 πολλὰ
1099 434 1178 472 τῶν
1207 428 1449 481 παθημάτων
1474 429 1597 482 ῥίζαις

119 505 430 560 ἀπεθεράπευον,
452 505 497 548 ἃς
525 502 737 556 τέμνοντες
768 502 1018 551 ἐπετίθεσαν,
1045 499 1096 543 ὥς
1116 501 1352 551 Πάτροκλος
1378 495 1524 550 (Iliad.
1545 499 1595 537 A.

121 576 243 630 846.)
281 574 346 615 ἐπὶ
377 574 420 614 δὲ
453 572 563 626 ῥίζαν
597 569 706 623 βάλε
743 570 898 623 πικρὴν,
935 568 1063 622 Χερσὶ
1099 566 1597 621 διατρίψας.-ἆντι’τομον

119 642 332 697 φάρμακον
357 649 417 682 est
445 639 489 681 id
519 638 766 690 remedium,
792 637 908 695 quod
937 645 1100 679 secatur
1129 646 1172 679 et
1199 645 1389 692 paratur,
1416 649 1464 676 ac
1490 649 1598 691 prae-

118 711 245 754 betur
273 708 396 752 alicui
426 707 626 750 adversus
655 706 792 749 morbi
821 705 985 748 dolores
1014 714 1056 747 et
1079 705 1178 747 vim.
1200 703 1353 761 Eurip.
1374 703 1474 746 Alc.
1496 703 1596 758 982.

120 778 200 821 01’16’
222 779 302 820 ὅσα
321 781 474 830 Φοῖβος
491 775 807 828 Ἀσκληπιάδαις
834 775 955 818 ἔδωκε
981 774 1178 829 Φάρμακα
1206 773 1452 816 πολυπόνοις
1470 771 1600 814 Ἀντι-

120 848 249 901 τεμὸν
277 845 500 900 epea-oven?
562 845 670 886 Haec
703 843 864 886 notavit
900 842 1120 886 Stanleius.
1181 841 1336 899 Adjice
1366 840 1599 883 Ruhnken.

121 915 176 958 ad
210 916 343 957 Hom.
375 914 436 955 H.
470 914 564 955 Cer.
596 924 694 967 229.
724 912 895 954 Jacobs.
926 911 1158 953 Animadv.
1188 911 1244 953 ad
1271 911 1424 968 Eurip.
1458 925 1501 968 p.
1529 911 1601 966 36.

122 985 278 1027 Noster
307 981 456 1038 Suppl.
481 981 578 1036 803.
609 981 695 1022 Τίν’
724 979 821 1034 ἀμφ’
851 981 971 1024 αὐτᾶς
1001 980 1058 1022 ἔτι
1086 982 1212 1034 πόρον
1242 980 1346 1033 τέμω
1375 980 1505 1034 γάμου
1537 979 1603 1021 καὶ

124 1051 303 1105 λυτήρια.
335 1049 585 1107 Hippocrat.
613 1049 703 1103 περὶ
733 1050 898 1104 εὖσχημ.
929 1064 970 1106 ρ.
993 1050 1061 1100 16,
1079 1061 1145 1091 12.
1177 1048 1450 1103 μαλαγμάτων
1478 1047 1602 1102 γένεα

128 1118 395 1171 -ποτήματα
420 1117 579 1169 τέμνειν
615 1116 826 1170 δυνάμενα,
858 1116 931 1173 qui
962 1118 1078 1159 locus
1108 1116 1390 1158 subobscurus
1420 1115 1477 1158 sic
1507 1131 1603 1157 con-

126 1186 352 1230 struendus
371 1184 550 1227 videtur.
611 1186 681 1226 Ex
712 1185 777 1226 his
807 1185 966 1241 patebit
985 1184 1046 1226 vis
1066 1184 1259 1226 vocabuli
1288 1185 1500 1239 ῥιζοτόμος,
1528 1187 1602 1241 qui

123 1255 374 1298 medicinam
398 1267 451 1295 ea·
477 1253 693 1295 radicibus
722 1254 844 1295 secti-5⁸
869 1259 1017 1310 parat.
1081 1252 1280 1295 Diversas
1308 1252 1466 1310 glossas
1495 1253 1603 1294 male

123 1324 317 1367 confusas
335 1322 493 1365 habent
513 1322 766 1371 Photiuset
798 1322 962 1364 Suidas.
992 1321 1196 1375 Τέμνουσι
1225 1320 1448 1375 φάρμακον.
1479 1326 1602 1374 τιμῶ-

125 1410 204 1436 σιν.
234 1392 436 1446 ἡγοῦνται.
468 1391 589 1435 οὕτως
610 1392 731 1433 ἄλλοι
751 1408 795 1433 τε
816 1392 879 1433 καὶ
899 1390 1115 1444 Ἱεροκλῆς.
1144 1390 1379 1432 BLOMF.

186 1460 250 1502 18.
275 1459 419 1513 κλαίω]
442 1458 718 1501 Scribendum
740 1459 859 1501 κλάω.

184 1541 250 1572 22.
284 1528 339 1569 In
360 1527 463 1569 Ald.
485 1536 578 1585 post
599 1528 782 1582 λαμπτὴρ
803 1538 845 1570 et
865 1538 960 1586 post
982 1528 1121 1572 νυκτὸς
1139 1543 1302 1570 comma
1320 1527 1504 1586 positum
1527 1536 1604 1580 est,

124 1598 168 1639 in
203 1598 343 1639 Turn.
383 1605 478 1653 post
518 1596 714 1650 λαμπτήρ.
778 1597 1125 1655 Interpunctione
1163 1607 1275 1640 caret
1316 1597 1430 1640 Rob.
1493 1599 1605 1640 Cum

127 1664 321 1708 Turnebi
351 1663 684 1721 interpunctione
711 1665 916 1707 consentit
945 1665 1177 1717 scholiasta,
1202 1666 1277 1723 qui
1306 1667 1536 1718 annotavit,
1564 1668 1606 1709 ἐκ

127 1733 266 1777 νυκτὸς
283 1731 434 1786 ἡμέραν
452 1733 546 1785 ἡμῖν
562 1733 700 1777 διδούς.
762 1732 887 1784 Quod
910 1748 992 1775 non
1014 1733 1155 1790 potuit
1174 1734 1326 1777 omisso
1347 1737 1392 1778 ἐκ
1412 1735 1506 1778 dici.

183 1801 398 1856 ἡμερήσιον
417 1801 668 1859 plerumque
690 1802 748 1843 ita
768 1801 923 1844 dicitur
944 1812 992 1844 ut
1020 1802 1222 1860 significet
1243 1803 1359 1860 quod
1381 1804 1506 1846 unius
1527 1804 1609 1847 diei

127 1880 211 1913 est:
247 1870 382 1912 rarius
410 1870 608 1912 diurnum
637 1870 854 1927 significat,
876 1871 1112 1929 oppositam
1145 1882 1364 1916 nocturno,
1396 1872 1606 1931 Hippocr.

128 1955 170 1998 p.
191 1949 294 1996 595,
318 1953 386 1983 21.
418 1941 467 1981 τὰ
494 1940 568 1991 μὲν
588 1939 782 1993 ἡμερήσια
811 1941 1167 1998 rpvx'Ca—quibus
1196 1944 1246 1984 τὰ
1277 1943 1321 1984 δὲ
1352 1943 1502 1997 νύκτωρ
1531 1958 1607 2000 op-

127 2008 261 2065 ponit.
290 2007 442 2064 Polyb.
473 2020 512 2062 9,
538 2021 605 2063 13,
634 2009 672 2049 6.
706 2010 774 2052 τὰς
802 2009 1038 2062 ἡμερησίους
1073 2009 1137 2052 καὶ
1169 2013 1398 2064 νυκτερινὰς
1430 2013 1608 2065 πορείας.

128 2075 204 2118 Ad
224 2074 354 2131 hujus
372 2074 566 2131 adjectivi
588 2074 901 2118 similitudinem
921 2076 1081 2119 dictum
1112 2087 1175 2119 est
1204 2078 1472 2132 νυκτερήσιος,
1495 2079 1611 2136 quod

129 2143 405 2200 Aristophani
447 2143 622 2185 Thesm.
665 2156 760 2197 204.
804 2145 983 2187 restituit
1023 2146 1235 2188 Dobraeus
1275 2151 1474 2202 γυναικῶν
1515 2148 1614 2203 ἔργα

129 2211 377 2266 νυκτερήσια,
400 2211 473 2253 ubi
494 2211 589 2254 libri
611 2215 860 2266 νυκτερείσια
880 2229 931 2255 ex
953 2214 1096 2256 eadem
1114 2214 1367 2273 corruptela,
1390 2231 1476 2273 qua
1494 2217 1611 2274 apud

129 2279 367 2323 Lucianum
390 2279 473 2321 vos.
498 2293 538 2324 2.
561 2295 601 2337 p.
627 2292 650 2323 2
652 2290 724 2336 57.
746 2282 925 2336 χρησμὸς
945 2283 1196 2337 νυκτερήσιος
1214 2282 1256 2325 in
1290 2282 1406 2327 libris
1440 2285 1614 2342 quibus-

128 2349 225 2390 dam
248 2348 290 2390 in
313 2350 576 2402 νυκτερείσιος
595 2359 638 2391 et
659 2354 902 2403 νυκτερίσιος
923 2359 984 2392 est
1004 2361 1241 2408 corruptus.

192 2430 260 2473 23.
282 2416 403 2473 φάος]
427 2419 498 2459 νῦν
519 2422 605 2471 φῶς
626 2419 678 2460 V.
702 2419 767 2460 Fl.
793 2419 848 2460 T.

190 2496 259 2541 25.
283 2485 344 2527 ἰοὺ
365 2485 444 2542 ἰού]
470 2487 785 2544 Inteijectiones
804 2486 1009 2530 laetantis:
1042 2491 1314 2546 quamobrem
1353 2495 1414 2535 ἰοῦ
1436 2495 1496 2536 ἰοῦ
1517 2494 1613 2537 scri-

130 2553 316 2596 bendum
338 2569 391 2596 ex
411 2565 624 2613 praecepto
642 2556 1025 2614 grammaticorum,
1042 2557 1096 2600 de
1112 2574 1199 2615 quo
1219 2560 1309 2603 dixi
1327 2561 1370 2603 in
1391 2563 1614 2607 Thesauro

139 2620 344 2678 Stephani
364 2622 448 2665 vol.
470 2637 510 2677 4,
533 2639 574 2681 p.
598 2625 695 2681 623.
759 2630 788 2650 ‘⁶
810 2624 1173 2668 Exclamationem
1198 2630 1271 2678 ἰοῦ,
1295 2631 1356 2672 ἰοῦ
1374 2641 1471 2674 ante
1490 2648 1533 2676 v,
1559 2645 1612 2677 22

131 2690 264 2747 rejicit
286 2691 570 2734 Hermannus.
631 2692 797 2735 Nollem
819 2693 993 2736 factum.
1054 2696 1318 2739 Excubiator
1341 2700 1613 2756 primumflfa-

131 2772 220 2800 cem
242 2757 410 2809 salutat,
432 2758 528 2801 dein
550 2760 914 2817 Clytaemnestram
941 2762 1019 2804 hac
1046 2764 1348 2808 exclamatione
1369 2770 1614 2827 expergefa-

131 2841 224 2868 cere
247 2825 379 2868 vult.''
412 2827 649 2870 BLOMF.

192 2894 261 2937 26.
298 2898 461 2948 σημανῶ
495 2896 551 2937 Τ.
592 2895 737 2953 Steph.
769 2898 947 2950 σημαίνω
981 2913 1120 2941 errore
1151 2899 1323 2944 solemni
1359 2903 1426 2945 Μ.
1464 2906 1610 2952 Guelf.

134 2960 242 3005 Ald.
264 2961 374 3005 Rob.
401 2964 538 3006 Turn.
