1962 3224
0 1599 2 1609 l

0 1630 5 1639 ,

0 1644 7 1698 ’;,

0 1702 4 1727 t

0 1747 9 1853 ξ

0 2152 13 2179 t*

550 184 642 224 AD
672 182 1207 225 AGAMEMNONEM.
1524 180 1612 225 393

201 309 300 352 999.
321 295 447 351 ψύθη]
467 296 576 349 ψ’ὗδη
595 294 702 337 libri.
753 295 999 336 Correctum
1020 292 1075 333 ab
1096 292 1158 333 H.
1176 290 1400 347 Stephano.

206 376 327 405 1001.
361 361 473 416 μάλα
500 362 577 417 γάρ
606 379 667 405 τοι
697 366 767 406 τᾶς
793 364 951 405 πολλᾶς
979 359 1144 415 ὑγιείας]
1187 358 1345 400 Versus
1372 366 1609 414 corruptus.

144 431 336 473 Triclinii
364 430 627 488 interpolatio
653 438 716 472 est
744 429 787 471 in
820 430 876 470 Τ.
912 426 1024 481 μάλα
1048 445 1098 482 γε
1131 426 1478 483 (superscriptum
1511 425 1608 481 γάρ)

142 516 204 541 τοι
223 499 270 551 δὴ
289 502 358 542 τᾶς
376 516 419 541 π.
438 500 500 540 ὑ.;
534 498 646 540 unde
662 496 932 539 Wellauerus
957 495 1068 548 μάλα
1087 495 1137 549 γε’
1156 512 1216 536 τοι
1234 494 1280 536 τὸ
1301 498 1370 539 τᾶς
1383 512 1425 536 π.
1446 496 1480 536 ὑ.
1503 509 1612 550 prae-

143 575 268 608 eunte
290 566 525 616 Schuetzio,
545 566 619 622 qui
638 582 700 607 τοι
718 566 761 606 in
782 564 826 606 τὸ
847 574 1092 606 mutaverat.
1121 562 1232 616 μάλα
1251 581 1295 605 τε
1314 565 1392 617 γὰρ
1421 563 1466 603 τὸ
1486 566 1614 606 τᾶς-

145 634 371 691 Emperius
388 635 429 676 in
452 633 777 675 Zimmermanni
800 632 946 674 Diario
965 647 1002 673 a.
1025 632 1144 687 1835.
1166 647 1208 688 p.
1226 633 1324 687 630.

211 714 330 744 1002.
361 701 578 756 ἀκόρεστον
604 700 748 756 τέρμα]
782 700 902 742 Infra
924 714 1047 756 1331.
1080 700 1126 741 τὸ
1146 701 1221 752 μὲν
1241 701 1284 741 εὗ
1303 698 1504 753 πράσσειν
1524 698 1615 741 ἀκό-

144 788 291 824 ρεστον
312 771 388 824 ἔφυ
408 774 520 812 Πᾶσι
539 774 761 824 βροτοῖσιν.
804 771 958 810 Sensus
977 781 1051 820 est,
1072 770 1119 809 in
1139 783 1185 809 eo
1198 774 1356 824 puncto
1376 783 1459 809 non
1479 770 1614 809 consi-

145 841 236 889 stit,
257 839 330 881 sed
349 840 527 881 ulterius
547 842 612 879 z're
623 852 825 894 pergens,
844 839 891 878 in
908 838 1031 893 quus
1046 842 1250 878 mutatur.
1283 836 1474 878 Breviter
1489 851 1619 877 enun-

146 908 298 948 ciatum
322 917 383 948 est
403 908 457 948 ab
479 907 756 963 Hippocrate,
780 908 821 948 αἱ
842 905 900 948 ἐπ’
923 906 1044 959 ἄκρον
1073 905 1229 956 εὐεξίαι,
1252 905 1466 958 σφαλεροί.
1499 904 1618 958 (citat

150 975 393 1029 Stanleius.)
427 975 600 1016 Plenius
622 975 839 1031 Theognis
858 990 928 1015 vv.
952 983 1191 1028 227—232.
1224 973 1457 1014 BLOMF.

211 1056 333 1086 1002.
351 1045 472 1085 1006.
493 1056 614 1097 1007.
637 1044 824 1084 Lacunae
840 1042 955 1098 signa
974 1040 1092 1082 metri
1112 1040 1264 1081 indicio
1284 1049 1515 1096 posuerunt
1531 1039 1618 1081 edi-

149 1122 269 1163 toreS‚
303 1111 603 1153 consentientes
633 1112 741 1151 inter
771 1126 814 1151 se
843 1110 896 1151 de
931 1124 1051 1150 versu
1085 1121 1208 1156 1002,
1249 1108 1537 1150 dissentientes
1568 1109 1621 1150 de

150 1181 317 1222 duobus
349 1179 533 1236 reliquis,
567 1178 638 1220 ubi
673 1177 929 1220 Klausenius
963 1175 1146 1217 indicato
1178 1187 1273 1232 post
1309 1179 1448 1230 ἐρείδει
1480 1193 1622 1218 versus

151 1248 300 1304 integri
330 1247 498 1288 defectu
519 1245 550 1277 -'-
567 1270 594 1287 υ
615 1271 643 1288 υ
663 1272 693 1278 -
712 1274 739 1287 υ
759 1268 787 1287 υ
806 1272 849 1297 -,
870 1244 1061 1302 proxima
1090 1244 1216 1285 verba
1245 1244 1285 1285 in
1317 1244 1424 1286 duos
1454 1245 1625 1301 digessit

150 1332 306 1366 versuS‚
329 1316 392 1357 καὶ
411 1317 557 1367 πότμος
579 1315 803 1368 εὐθυπορῶν
829 1314 835 1370 Ι
862 1313 1005 1367 ἀνδρὸς
1026 1313 1191 1354 ἔπαισεν
1211 1313 1392 1366 ἄφαντον
1413 1314 1523 1366 ἕρμα.

216 1395 341 1438 1007.
357 1383 471 1439 ἕρμα]
491 1384 697 1440 Scopulus
712 1384 1000 1424 submarz'mcs.
1036 1381 1328 1437 Harpocratio‚
1345 1380 1506 1434 Ἑρμᾶς,
1524 1383 1625 1436 ὕφα-

154 1457 226 1495 λος
244 1451 381 1505 πέτρα.
431 1450 634 1504 Ἀντιφῶν
659 1453 703 1492 ἐν
723 1454 770 1507 τῇ
788 1451 887 1504 πρὸς
908 1451 1089 1492 Καλλίου
1110 1450 1276 1500 ἔνδειξιν
1296 1450 1508 1504 ἀπολογίᾳ.
1541 1449 1627 1491 ἔστι

154 1521 326 1571 τοῦνομα
361 1520 424 1561 καὶ
453 1521 560 1572 παρὰ
588 1518 858 1572 Ἀνακρέοντι,
897 1519 959 1559 καὶ
991 1520 1035 1559 ἐν
1067 1517 1267 1570 Γηρυτάδῃ
1293 1516 1624 1571 Ἀριστοφάνους.

157 1587 244 1632 Qui
264 1587 355 1628 haec
376 1587 614 1644 compilavit
636 1587 830 1636 Phofius,
851 1586 977 1628 habet
1000 1587 1135 1639 ἕρμαν,
1158 1587 1314 1639 ὕφαλος
1336 1585 1473 1638 πέτρα.
1526 1586 1629 1626 Cor-

157 1655 376 1712 rigendum
410 1655 634 1712 utrobique
666 1656 777 1708 ἕρμα,
809 1655 832 1706 ἡ
858 1656 1016 1707 ὕφαλος
1044 1653 1182 1706 πέτρα.
1232 1654 1415 1694 Eumen.
1446 1655 1546 1708 560.
1580 1652 1627 1695 δι’

158 1726 301 1767 αἰῶνος
339 1725 383 1765 δὲ
421 1723 492 1765 τὸν
526 1724 621 1776 πρὶν
661 1721 1015 1775 ὄλβονε”Ερματι
1053 1722 1301 1775 προσβαλὼν
1338 1723 1474 1769 Δίκας,
1515 1720 1627 1763 ὤλετ’

159 1793 397 1840 ἄκλαυστος,
420 1792 567 1835 αἶστος.
607 1794 763 1832 Anacr.
785 1806 853 1847 ap.
876 1789 1063 1847 Hesych.
1082 1790 1123 1830 in
1146 1804 1186 1830 V.
1208 1788 1372 1840 ἀσήμων
1390 1790 1489 1843 ὑπὲρ
1510 1789 1628 1843 ἑρμά-

160 1877 238 1901 των
258 1862 466 1912 φορεῦμαι.
500 1859 597 1901 Vid.
619 1859 828 1900 Herodot.
851 1869 891 1913 7,
918 1860 1012 1913 183.
1043 1857 1276 1898 BLOMF.

224 1927 344 1969 1008.
379 1927 604 1968 Schutzius
618 1926 785 1983 corrigit
809 1927 886 1967 Καὶ
914 1926 991 1979 πρὸ
1021 1927 1096 1978 μὲν
1121 1925 1192 1966 τὸν
1216 1924 1427 1978 χρημάτων
1449 1926 1631 1976 Κτησίων

162 1997 284 2048 ὄγκον
297 1996 451 2046 βαλών.
485 1994 696 2050 Equidem
715 1993 817 2035 nihil
839 1994 1087 2035 mutandum
1105 2007 1263 2034 censeo.
1294 1994 1411 2035 ὄκνος
1425 2002 1485 2034 est
1501 1993 1630 2033 nomi-

162 2062 326 2104 nativus
355 2062 566 2118 pendens;
622 2064 764 2110 Quum
794 2068 929 2103 metus
959 2060 1180 2116 (naufragii
1212 2063 1286 2111 sc.)
1305 2066 1472 2116 partem
1503 2075 1632 2117 opum

164 2131 481 2171 domesticarum
498 2131 726 2186 projecerit
753 2143 806 2170 ατ
824 2130 984 2170 modica
998 2129 1156 2183 fimda
1177 2135 1252 2168 etc.
1307 2128 1374 2168 Sic
1395 2129 1630 2169 Casaubon.

165 2204 194 2222 “
212 2199 298 2239 ἀντὶ
328 2199 446 2239 ὄκνου
471 2199 686 2249 βαλόντος.
701 2198 724 2215 ”
775 2197 1041 2238 constructio
1061 2206 1123 2237 est
1155 2196 1217 2237 καὶ
1246 2195 1291 2236 τὸ
1319 2197 1394 2248 μὲν
1422 2196 1634 2250 χρήματων

166 2267 281 2308 ὄκνος
300 2266 521 2318 προβαλὼν
542 2264 607 2306 ἀπ’
631 2264 817 2317 εὐμέτρου
838 2266 1076 2318 σφενδόνας.
1109 2263 1249 2305 Theb.
1267 2264 1365 2317 767.
1381 2265 1636 2317 πρόπρυμνον

168 2335 346 2384 ἐκβολὰν
373 2332 700 2386 φέρειεᾶνδρῶν
730 2333 1129 2385 ἆλφηστᾶνεόλβος
1159 2333 1264 2386 ἄγαν
1292 2333 1522 2386 παχυνθείς.
1575 2332 1637 2374 Si-

166 2400 276 2441 milis
303 2399 390 2441 fere
419 2400 671 2441 constructio
700 2410 762 2441 est
779 2399 919 2441 Theb.
942 2400 1039 2452 678.
1066 2401 1228 2452 ἀνδροῖν
1257 2398 1289 2440 δ’
1311 2401 1494 2452 ὁμαίμοιν
1514 2400 1637 2442 θάνα-

168 2485 235 2511 τος
273 2466 335 2508 ὧδ’
369 2468 612 2511 αὐτοκτόνος.
657 2468 741 2509 Οὐκ
774 2468 860 2509 ἔστι
894 2471 1017 2522 γῆρας
1043 2471 1157 2508 τοῦδε
1196 2470 1266 2508 τοῦ
1300 2467 1533 2519 μιάσματος.
1565 2467 1638 2510 ubi

170 2535 280 2576 vide.
329 2535 477 2592 Suppl.
499 2548 596 2589 942.
619 2536 682 2577 καὶ
702 2539 873 2588 γλῶσσα
902 2536 1128 2586 τοξεύσασα
1157 2535 1209 2586 μὴ
1235 2537 1285 2575 τὰ
1313 2535 1455 2588 καίρια,
1478 2535 1640 2576 Γένοιτο

169 2605 293 2656 μύθου
318 2606 438 2655 μῦθος
475 2603 526 2644 ἂν
538 2603 778 2656 θελκτήριος.
832 2602 927 2644 Vid.
950 2617 1077 2658 supra
1096 2614 1194 2653 422.
1228 2602 1426 2643 Matthiae
1458 2603 1534 2644 Gr.
1561 2604 1639 2644 Gr.

173 2673 211 2725 ξ.
242 2672 343 2726 562.
377 2670 722 2727 Philosophorum
751 2670 863 2711 dicta
894 2670 947 2710 de
977 2669 1128 2726 opibus
1159 2669 1201 2710 in
1236 2684 1348 2710 mare
1378 2670 1643 2725 projiciendis

171 2738 347 2795 protulit
369 2738 714 2779 Hemsterhusius
743 2738 796 2778 ad
824 2737 1000 2778 Lucian.
1026 2751 1062 2778 1.
1097 2752 1140 2792 p.
1169 2749 1260 2791 173.
1314 2738 1438 2780 Conf.
1465 2739 1640 2794 Menag.

173 2806 227 2846 ad
259 2806 403 2847 Laert.
427 2807 470 2855 6,
495 2805 563 2859 87.
596 2805 831 2846 BLOMF.
883 2805 1066 2856 εὔμετρος
1097 2805 1299 2856 σφενδόνη
1329 2804 1482 2846 dicitur
1508 2821 1641 2861 quum

175 2874 270 2929 quis
290 2887 373 2914 non
392 2872 516 2929 plura
535 2872 646 2928 ejicit
663 2887 790 2928 quam
811 2871 863 2912 ad
886 2886 1032 2912 navem
1054 2870 1272 2913 levandam
1293 2872 1384 2928 ejici
1405 2882 1585 2929 oportet.

171 2979 174 2982 ,
239 2954 361 2983 1011.
383 2941 453 2982 οὐκ
474 2940 539 2982 ἔδυ
559 2940 714 2993 πρόπας
734 2938 872 2994 δόμος]
895 2939 959 2980 Ut
980 2947 1124 2995 putem
1150 2938 1373 2996 legendum
1397 2941 1518 2994 γόμος
1547 2941 1646 2983 facit

871 3020 950 3062 3D
