1962 3224
518 183 609 224 AD
639 178 1175 223 AGAMEMNONEM.
1500 168 1583 212 361

174 295 272 351 356.
302 294 507 349 μεγάλων]
545 297 623 335 τῶν
651 292 839 347 μεγάλων
867 289 1163 347 interpolatum
1194 288 1235 329 in
1269 289 1327 329 T.
1360 301 1410 327 ne
1441 300 1584 327 versus

115 373 223 405 esset
242 362 529 420 paroemiacus.

174 431 275 487 360.
306 430 412 484 μέγα
435 430 631 485 δουλείας]
660 429 767 470 Haec
788 427 915 469 verba
934 442 987 468 ex
1006 426 1252 483 glossemate
1271 423 1480 481 adscripta
1500 437 1586 464 esse

119 498 370 540 videbantur
392 497 612 540 Schuetzio
631 497 674 538 in
695 495 876 538 editione
896 495 1045 552 prima.

176 565 276 620 362.
307 563 536 620 γάγγαμον]
568 565 683 606 Rete.
725 562 880 604 Pollux
905 574 971 612 10,
997 574 1090 616 132.
1127 576 1153 603 a
1188 560 1371 602 Stanleio
1406 558 1583 600 citatus:

122 633 325 687 Αἰσχύλος
354 633 398 674 τὸ
429 634 624 675 δύσλυτον
654 632 788 680 κακὸν,
818 630 843 683 ἢ
873 632 1104 673 δύσελικτον
1133 630 1224 684 ἔφη,
1255 628 1467 683 γάγγαμον
1497 627 1590 679 ἄτης

121 701 371 742 παναλώτου.
399 700 581 758 Oppian.
602 700 703 743 Hal.
722 712 763 755 3,
787 701 855 742 80.
878 699 1102 754 Γαγγάμαι,
1123 699 1181 752 ἠδ’
1202 699 1350 753 ὑποχαὶ
1369 695 1588 751 περιηγέες,

122 770 193 822 ἠδὲ
223 772 405 824 σαγῆναι.
466 769 591 821 Quod
621 769 675 811 ad
705 768 989 826 metaphoram
1020 768 1180 820 attinet,
1210 767 1396 811 similiter
1430 768 1589 812 dictum

125 848 187 880 est
207 838 250 880 in
271 837 524 880 Prometheo
543 850 667 890 1114.
690 837 913 891 ἀπέραντον
934 837 1090 879 δίκτυον
1110 837 1217 889 ἄτης.
1278 837 1436 879 Confer
1461 838 1590 880 histo-

124 907 228 948 riam
258 907 311 949 de
341 907 568 949 Timotheo
591 922 657 964 ap.
683 906 808 948 schol.
843 905 1060 962 Aristoph.
1092 905 1208 948 Plut.
1231 906 1324 947 180.
1358 906 1591 963 Ulpianum

128 978 219 1029 (seu
249 974 390 1032 potius
424 975 640 1017 Zosimum
670 974 970 1025 Ascalonitam,
1004 983 1052 1015 ut
1085 973 1267 1016 ostendit
1295 974 1506 1019 Dobraeus
1539 977 1593 1018 ad

130 1044 277 1086 Kiddii
317 1044 573 1086 Porsoniana
610 1059 652 1100 p.
687 1043 803 1099 387.)
841 1042 894 1084 ad
930 1042 1150 1084 Demosth.
1187 1041 1255 1085 Ol.
1288 1055 1325 1085 2.
1358 1059 1401 1100 p.
1431 1057 1503 1100 30.
1534 1047 1592 1087 A.

131 1114 364 1154 BLOMF.

186 1183 286 1238 364.
321 1180 518 1236 τείνοντα]
549 1182 734 1222 τείναντα
762 1180 918 1221 Aurati
947 1180 1186 1235 conjectura
1215 1179 1270 1220 ab
1302 1179 1485 1221 Stanleio
1514 1195 1598 1222 me-

129 1259 300 1292 morata.
359 1254 388 1274 “
411 1247 657 1305 Aliquando
682 1247 949 1304 conjiciebam
974 1248 1161 1289 τείνοντα
1189 1247 1324 1289 πάλιν.
1386 1248 1601 1290 Dicuntur

129 1320 226 1371 τόξα
249 1319 470 1360 παλίντονα
502 1315 629 1371 Soph.
654 1315 855 1357 Trachin.
875 1327 976 1371 520.
1001 1314 1091 1368 (ubi
1121 1314 1260 1356 minus
1289 1325 1399 1357 recte
1427 1315 1601 1359 locutio-

131 1402 226 1428 nem
257 1385 449 1428 tractavit
480 1384 770 1441 Musgravius)
807 1385 981 1425 Homer.
1017 1382 1142 1424 Iliad.
1172 1387 1226 1425 Θ.
1251 1384 1348 1426 266.
1378 1385 1600 1427 παλίντονα

132 1454 236 1507 βέλη
257 1455 411 1495 Noster
432 1452 624 1510 Choeph.
642 1453 789 1507 1519.''
820 1453 1053 1494 BLOMF.

189 1524 245 1579 36
247 1535 288 1578 5.
308 1523 407 1574 ὑπὲρ
427 1521 602 1575 ἄστρων]
626 1521 770 1562 Altius
789 1535 916 1577 quam
936 1526 984 1562 ul
1004 1521 1130 1562 telum
1150 1521 1442 1563 Alea-andrum
1453 1522 1603 1578 firire

125 1593 276 1649 possit.
307 1589 694 1631 WELLAUER.

192 1657 723 1715 367—384=385—402-

193 1727 725 1783 403—419=420—436-

193 1796 726 1852 437—455=456-474·

194 1865 295 1920 367.
336 1862 673 1917 Διὸς-ἔκρανεν]
707 1862 831 1903 Jovis
870 1863 1014 1919 utique
1045 1863 1227 1919 plagam
1262 1863 1399 1904 dicere
1429 1871 1607 1920 possunt

145 1933 354 1988 Trqjann
387 1946 419 1972 s.
437 1930 591 1972 habent
609 1930 812 1986 profecto,
832 1943 910 1971 cur
937 1930 1055 1970 illam
1084 1945 1210 1987 quam
1239 1938 1488 1987 acceperunt
1511 1933 1608 1988 pla-

135 2013 242 2058 gam
273 1998 330 2039 ad
361 1998 509 2039 Jovem
539 2002 750 2038 auctorem
779 1997 995 2052 rfirant;
1030 1998 1077 2037 in
1099 2004 1276 2053 promtu
1305 2000 1415 2039 enim
1445 2000 1519 2041 hoc
1548 2007 1609 2042 est

140 2067 416 2121 investigare.
449 2065 582 2106 SCH.

200 2135 365 2190 ἔχουσιν
387 2132 608 2175 Stanleius.
640 2131 774 2187 ἔχουσ’
798 2131 939 2189 vulgo.
972 2133 1148 2188 ἔχουσαν
1168 2143 1383 2176 enotatum
1404 2150 1455 2176 ex
1478 2135 1544 2176 Fl.

199 2203 296 2260 368.
319 2203 434 2243 τοῦτό
452 2200 511 2257 γ’]
533 2199 635 2242 τοῦτ’
657 2199 722 2242 Fl.

200 2273 300 2327 369.
323 2267 494 2323 ἔπραξεν
514 2269 801 2310 Hermannus.
862 2269 1105 2326 Legebatur
1125 2270 1176 2313 ὣς
1197 2270 1378 2324 ἔπραξεν.

201 2339 272 2380 οὐκ
292 2335 619 2391 ἔφα-εὐσεβής]
644 2336 751 2378 Fuit
770 2343 925 2388 tamen,
946 2338 1019 2394 qui
1039 2338 1134 2379 deos
1154 2352 1221 2379 eos
1240 2353 1393 2380 curare
1422 2348 1612 2397 negaret,

144 2408 218 2464 qui
243 2420 386 2448 rerum
419 2411 667 2447 saoezctarum
702 2415 742 2447 et
774 2406 1083 2448 inviolabilium
1117 2407 1240 2449 decus
1273 2409 1611 2457 conculcassent,-

145 2474 216 2515 ille
235 2487 333 2515 vero
353 2474 634 2530 impiusfuit.
691 2472 774 2515 His
793 2473 929 2515 verbis
950 2489 1033 2515 non
1053 2475 1222 2532 proprie
1240 2475 1484 2533 designatur
1503 2487 1615 2519 certa

147 2540 342 2598 quaedam
372 2556 411 2582 v.
437 2555 474 2583 c.
505 2540 670 2582 Paridis
697 2556 887 2598 persona,
919 2541 991 2583 sed
1022 2542 1212 2584 universe
1242 2552 1441 2585 notantur
1469 2544 1510 2596 ii,
1542 2544 1617 2601 qui

147 2609 330 2651 divinam
351 2623 438 2650 esse
457 2608 675 2650 hominum
697 2624 839 2650 curam
855 2620 897 2650 et
913 2609 1616 2668 providentiam,improborumque

147 2677 379 2719 facinorum
401 2675 599 2717 ultionem
621 2676 844 2733 negabant.
894 2677 1048 2733 Itaque
1069 2677 1126 2719 sic
1145 2694 1315 2734 quoque
1337 2688 1472 2720 vertas
1492 2679 1587 2720 licet
1605 2696 1614 2720 :

150 2746 348 2786 Fuerunt
365 2744 438 2800 qui
457 2750 665 2800 negarent
687 2745 760 2784 &a
796 2744 928 2784 SCH.

207 2823 305 2868 374.
331 2811 536 2866 ἐγγόνους]
558 2811 692 2852 Recta
717 2811 852 2852 forma
878 2812 1063 2864 ε’κγόνους
1093 2813 1371 2869 superscripta
1399 2813 1442 2854 in
1475 2815 1529 2856 T.
1562 2814 1618 2856 le-

149 2879 297 2937 gitque
326 2877 557 2920 scholiasta.
621 2879 760 2920 Totus
789 2887 927 2920 autem
956 2878 1023 2921 hic
1043 2879 1159 2922 locus
1178 2882 1422 2937 374—-380,
1443 2881 1618 2940 intelligi

855 2961 876 2986 z
898 2961 920 2986 z
