1962 3224
358 194 445 238 560
828 197 1322 239 ANNOTATIONES

361 308 491 349 SCH.
540 308 635 348 Non
656 307 942 350 animadvertit
965 308 1206 350 Schuetzius
1224 309 1312 350 haeo
1331 324 1381 350 ex
1401 308 1577 350 duorum
1599 322 1790 349 versuum

358 373 540 429 reliquiis
568 389 653 415 esse
681 374 869 424 conflata,
899 390 1075 430 quorum
1108 375 1254 430 prioris
1293 385 1497 416 servatum
1537 374 1696 414 initium
1731 383 1792 414 est

359 439 541 492 στρέφων
579 441 744 492 τίθησιν,
776 441 943 482 alterius
980 440 1073 481 finis
1112 442 1224 482 οὐδὲν
1263 443 1463 493 ἆσθμαίνω
1502 440 1623 493 μένει.
1682 441 1789 480 Nam

359 507 560 558 ἆσθμαίνω
579 516 687 548 recte
707 507 902 563 scriptum
923 507 964 547 in
986 508 1054 547 M.
1077 506 1176 548 Ald.
1199 508 1334 548 Turn.

416 574 441 613 6
442 582 511 627 52.
531 572 759 627 ὑπερδικεῖς]
780 573 981 625 ὑπερδικὴς
1002 573 1143 613 Guelf.
1172 575 1395 625 ὑπερδοκεῖς
1414 573 1523 614 Rob.

415 639 503 693 ὅρα]
525 641 600 691 ὁρῶ
622 639 762 680 Guelf.
785 639 886 680 Ald.

416 707 511 760 653.
532 705 651 761 πέδῳ]
674 705 942 747 Scribendum
964 705 1086 746 πέδοι.
1119 706 1171 746 V.
1193 705 1245 746 ad
1268 707 1404 748 Prom.
1429 717 1526 761 749.

415 773 510 826 656.
532 772 697 826 χέρνιψ]
720 771 853 825 χέρνιξ
875 771 1016 814 Guelf.
1036 771 1137 812 Ald.

415 835 638 891 φρατόρων]
664 838 931 879 Scribendum
954 838 1157 891 φρατέρων
1177 854 1266 879 cum
1291 841 1354 879 M.
1377 841 1471 880 Par.
1493 838 1596 880 Ald.

414 903 686 957 προσδέξεται]
709 903 946 956 προσδέξετε
966 905 1029 944 Μ.
1060 904 1314 956 προσδέξαιτο
1335 905 1443 946 Rob.
1465 914 1505 946 et
1524 923 1585 958 γρ.
1610 906 1706 946 Par.

416 969 512 1023 658.
545 970 613 1010 οὐκ
645 970 730 1010 ἔστι
759 970 899 1024 μήτηρ]
945 970 1194 1011 Sententiam
1234 971 1338 1013 hanc
1372 972 1595 1029 Euripides
1627 988 1794 1029 quoque

358 1034 556 1091 expressit
577 1035 708 1075 Orest.
730 1049 768 1075 v.
789 1046 886 1089 551.

527 1111 651 1164 πατὴρ
670 1113 743 1163 μὲν
767 1111 983 1164 ἐφύτευσέν
1000 1129 1063 1164 με,
1086 1113 1137 1164 σὴ
1158 1112 1188 1154 δ’
1211 1114 1334 1155 ἔτικτε
1353 1118 1454 1162 παῖς,

527 1179 571 1219 τὸ
593 1177 730 1231 σπέρμ’
752 1179 896 1230 ἄρουρα
914 1179 1187 1231 παραλαβοΰσ’
1209 1181 1335 1222 ἄλλου
1354 1181 1471 1234 πάρα.

528 1246 621 1287 ἄνευ
642 1246 685 1286 δὲ
704 1245 849 1297 πατρὸς
868 1244 1006 1286 τέκνον
1025 1246 1094 1287 οὐκ
1115 1248 1171 1298 εἴη
1190 1246 1272 1287 ποτ’
1295 1248 1356 1288 ἄν·

529 1311 769 1364 ἐλογισάμην
788 1312 858 1352 οὖν
879 1314 930 1367 τῷ
950 1311 1087 1364 γένους
1107 1314 1301 1366 ἀρχηγέτῃ

527 1381 682 1429 μᾶλλον
701 1377 738 1429 μ’
761 1379 902 1430 ἀμῦναι
920 1381 985 1429 τῆς
1003 1379 1227 1431 ὑποστάσης
1246 1380 1403 1433 τροφάς.

360 1453 554 1496 Similiter
572 1454 657 1495 fere
676 1453 788 1510 apud
809 1454 958 1511 Eurip.
978 1455 1123 1511 fragm.
1144 1455 1221 1497 inc.
1241 1457 1311 1510 58.

528 1540 617 1582 ἀλλ’
638 1540 716 1581 ἴσθ’
738 1540 823 1592 ἐμοὶ
840 1542 915 1593 μὲν
935 1542 1045 1585 οὗτος
1064 1543 1131 1583 οὐκ
1153 1543 1265 1586 ἔσται
1285 1545 1417 1596 νόμος,

527 1607 571 1648 τὸ
590 1607 642 1658 μὴ
661 1608 706 1648 οὔ
726 1624 786 1655 σε,
807 1611 941 1661 μῆτερ,
962 1612 1164 1662 προσφιλῆ
1185 1611 1316 1663 νέμειν
1336 1612 1397 1652 ἀεὶ

529 1675 591 1715 καὶ
608 1676 676 1714 τοῦ
695 1675 842 1715 δικαίου
863 1675 925 1715 καὶ
944 1679 1066 1716 τοκῶν
1085 1680 1162 1716 τῶν
1182 1681 1264 1718 σῶν
1283 1677 1412 1730 χάριν.

529 1741 678 1793 στέργω
699 1742 742 1781 δὲ
762 1742 831 1782 τὸν
850 1743 1033 1794 φύσαντα
1051 1746 1127 1783 τῶν
1146 1742 1302 1784 πάντων
1320 1748 1474 1796 βροτῶν

525 1805 699 1858 μάλισθ’,
722 1807 833 1859 ὁρίζω
853 1811 976 1848 τοῦτο’
1009 1808 1071 1848 καὶ
1092 1808 1141 1848 σὺ
1158 1809 1210 1859 μὴ
1232 1810 1385 1861 φθόνει.

529 1874 656 1914 κείνου
675 1874 749 1926 γὰρ
771 1873 1028 1924 ἐξέβλαστον,
1051 1873 1127 1914 οὐδ’
1149 1874 1198 1915 ἂν
1220 1876 1274 1918 εἷς
1294 1876 1389 1928 ἀνὴρ

527 1939 707 1992 γυναικὸς
727 1939 942 1991 αὐδήσειεν,
965 1941 1072 1981 ἀλλὰ
1090 1944 1158 1981 τοῦ
1179 1943 1332 1994 πατρός.
1384 1943 1514 1983 SCH.

415 2017 670 2072 κεκλημένου]
694 2018 908 2069 κεκλημένη
930 2019 986 2059 Τ.

415 2086 511 2126 660.
534 2085 647 2139 ἅπερ]
668 2086 800 2138 ὥσπερ
822 2086 916 2127 Par.

416 2153 512 2193 661.
534 2152 694 2207 βλάψῃ]
715 2153 872 2205 βλάψει
894 2153 987 2193 Par.

416 2221 511 2270 664.
539 2219 640 2260 Post
660 2219 770 2259 hunc
791 2233 951 2259 versum
982 2218 1136 2274 aliquid
1158 2218 1355 2260 excidisse
1383 2220 1667 2262 animadvertit
1689 2222 1793 2263 But-

357 2286 489 2327 lerus:
522 2300 603 2326 non
622 2284 961 2326 animadverterat
982 2285 1234 2335 Schuetzius‚
1255 2300 1384 2340 quum
1405 2287 1637 2341 proximum
1659 2288 1736 2329 01’16'
1751 2288 1793 2328 in

358 2351 427 2392 οὐκ
448 2351 597 2391 mutari
615 2350 752 2391 vellet.

416 2419 512 2458 666.
534 2417 659 2471 ἔρνος]
682 2418 792 2469 ἔρνος
812 2417 912 2457 Ald.

416 2485 512 2537 667.
533 2484 602 2540 ὦς]
625 2483 685 2523 ὅσ’
708 2482 849 2524 Guelf.
880 2482 923 2525 ὃς
943 2482 1043 2523 Ald.

416 2552 514 2603 670.
535 2549 606 2604 εἷς]
629 2549 896 2590 Scribendum
919 2551 968 2593 ἐς.

418 2619 514 2670 672.
539 2616 696 2671 αἰανῶς]
718 2618 855 2659 αῑῶνος
873 2615 974 2656 Ald.
996 2616 1105 2656 Rob.
1137 2616 1181 2657 δι’
1203 2619 1341 2661 αἰῶνος
1361 2618 1499 2660 Guelf.

417 2685 512 2738 673.
533 2684 582 2723 τὰ
600 2682 735 2737 πιστὰ]
757 2681 787 2722 τ’
807 2683 952 2723 ἄπιστα
973 2683 1036 2722 Μ.
1059 2683 1199 2724 Guelf.
1221 2684 1321 2725 Ald.
1343 2686 1453 2727 Rob.

416 2752 513 2803 674.
534 2749 698 2803 κελεύω]
723 2749 894 2790 κελεύσω
916 2748 1023 2789 Rob.

417 2815 512 2869 678.
535 2814 729 2869 ἄμομφος]
751 2815 927 2867 ἄμορφος
946 2814 1048 2857 Ald.

417 2883 513 2924 680.
535 2882 721 2937 αἰδεῖσθε]
743 2884 936 2925 αἰδεῖσθαι
951 2882 1061 2924 Rob.
1083 2891 1124 2924 et
1142 2882 1416 2938 superscripto
1435 2901 1454 2926 ε
1474 2884 1538 2924 Μ.
