1962 3224
427 197 511 238 346
891 198 1384 239 ANNOTATIONES

423 310 572 356 πεσεῖν,
600 306 623 357 ἢ
649 308 727 359 τρὶς
755 308 1002 361 τροχάσαντα
1033 310 1241 358 νικηθῆναι,
1271 308 1444 355 στάδιον,
1476 310 1647 357 δίαυλον,
1679 310 1852 363 δόλιχον.

422 375 540 416 οὕτως
570 375 808 426 Θουγενίδης
837 376 880 415 ἐν
911 378 1136 416 Δικασταῖς.
1196 373 1355 414 Eadem
1385 374 1520 426 habet,
1552 375 1620 416 sed
1651 376 1852 426 mutilata,

422 439 700 480 Antiatticista
723 441 931 495 Sangerm.
953 455 992 495 p.
1016 454 1029 479 1
1042 453 1104 492 14.
1125 449 1165 479 et
1181 440 1367 496 Etymol.
1384 442 1447 482 M.
1483 442 1681 494 ιςΤριάξαι
1700 452 1747 483 et
1760 443 1853 483 ἆπο-

421 505 569 557 τριάξαι
592 505 816 555 dicebatur,
837 506 910 561 qui
939 515 1000 546 ter
1029 505 1228 560 dejecerat
1257 508 1677 549 adversarium—ideo
1705 508 1854 560 τριάξαι

420 581 481 613 est
505 573 674 614 vincere.
737 573 862 614 Unde
892 574 1090 626 ἀτρίακτος
1119 573 1192 613 ἄτα
1212 573 1414 628 AEschylo
1435 574 1619 630 Choeph.
1641 577 1737 630 336.
1758 590 1853 630 quae

420 639 647 694 expugnari
665 654 746 680 non
768 640 939 696 potest.''
969 639 1102 680 Verba
1117 650 1213 680 sunt
1231 641 1413 681 Salmasii
1429 641 1481 682 ad
1499 641 1681 682 Solinum
1699 656 1739 696 p.
1757 642 1851 683 206.

421 706 647 746 BLOMF.
679 707 882 759 τριακτῆρα
912 722 992 747 non
1028 706 1261 761 simpliciter
1288 707 1494 757 victorem,
1525 707 1594 748 sed
1627 707 1850 748 tertiarium

420 771 503 812 sive
539 772 765 827 ephedrum
804 772 1063 828 interpretor,
1099 774 1169 828 qui
1205 774 1397 815 victorem
1431 775 1668 831 aggreditur
1700 775 1851 815 fessum

418 838 575 894 integer
608 847 648 879 et
678 840 895 892 ἀποτριάζει
925 840 1052 888 αὐτὸν,
1082 850 1129 881 ut
1163 841 1393 882 scholiastes
1427 842 1498 891 ait,
1535 841 1592 883 ἐπ’
1627 842 1754 883 ε’λπίδι
1786 843 1852 892 τῆς

420 906 535 955 νίκης,
557 904 599 945 id
620 914 681 946 est
700 906 907 948 victoriam
926 915 1126 963 speratam
1148 907 1183 948 ei
1204 907 1336 963 eripit.
1359 908 1621 949 LOBECK.
1641 907 1850 964 Aglaoph.

419 986 459 1026 P·
480 983 578 1025 354·

478 1046 569 1091 175.
599 1037 771 1088 τεύξεται
800 1042 955 1091 φρενῶν
974 1041 1019 1080 τὸ
1044 1041 1141 1094 πᾶν]
1168 1040 1405 1091 Scholiasta,
1426 1042 1648 1095 ὁλοσχερῶς
1667 1041 1853 1094 φρόνιμος

419 1102 544 1144 ἔσται.

478 1171 710 1222 176—178.
749 1179 789 1210 et
827 1170 867 1210 in
900 1172 1156 1228 antistrophe
1184 1173 1416 1225 184—186.
1448 1174 1489 1213 in
1526 1188 1652 1214 unum
1688 1187 1851 1214 versum

417 1235 706 1291 conjungendi.

477 1313 570 1356 177.
591 1303 660 1344 τὸν
681 1304 900 1345 Porsonus.
932 1308 984 1360 τῷ
1005 1305 1109 1346 libri.

471 1368 611 1423 μάθος]
645 1369 832 1411 Photius.
865 1371 1003 1414 Μάθος
1027 1371 1192 1424 λέγουσι
1221 1371 1291 1421 τὴν
1318 1371 1485 1422 ζήτησιν.
1527 1373 1646 1415 οὕτως
1669 1371 1847 1425 Ἀριστο-

417 1435 553 1487 φάνης.
615 1436 838 1477 Scholiasta
857 1437 997 1479 laudat
1019 1438 1190 1479 Hesiod.
1213 1438 1293 1492 Op.
1316 1439 1409 1478 216.
1432 1439 1566 1479 παθὼν
1586 1438 1629 1479 δέ
1655 1456 1697 1480 τε
1717 1439 1851 1490 νήπιος

417 1501 532 1553 ἔγνω.
593 1502 862 1542 Proverbium
893 1511 979 1544 erat
1007 1503 1214 1555 παθήματα
1240 1502 1459 1554 μαθήματα,
1485 1514 1585 1545 teste
1607 1506 1850 1546 Casaubono

415 1566 468 1606 ad
490 1567 675 1608 Persium
696 1583 736 1623 p.
760 1569 828 1610 26.
873 1569 954 1610 Sed
974 1569 1107 1610 nescio
1126 1569 1290 1610 ubinam
1311 1569 1555 1611 adhibeatur
1574 1580 1849 1627 praeterquam

415 1632 456 1673 in
474 1634 632 1674 Herod.
645 1649 682 1682 1,
701 1644 794 1687 207.
810 1638 858 1676 τὰ
879 1635 922 1676 δέ
939 1653 1005 1687 μοι
1024 1636 1230 1687 παθήματα
1249 1638 1297 1676 τὰ
1318 1637 1433 1676 ἐόντα
1453 1636 1629 1689 ἀχάριτα,
1646 1638 1851 1690 μαθήματα

415 1700 590 1751 γεγόνεε.
624 1700 743 1741 Plato
774 1702 915 1757 Symp.
937 1717 978 1757 p.
1002 1714 1094 1754 272.
1113 1701 1177 1742 ed.
1200 1701 1293 1757 Bip.
1324 1703 1385 1742 καὶ
1413 1703 1478 1753 μὴ,
1501 1706 1597 1744 κατὰ
1623 1704 1693 1755 τὴν
1710 1722 1847 1758 παροι-

414 1765 519 1816 μίαν,
549 1767 723 1807 παθόντα
752 1771 910 1819 γνῶναι.
972 1767 1062 1808 Vid.
1095 1768 1287 1809 Matthiae
1319 1767 1490 1809 Miscell.
1517 1769 1665 1811 Philol.
1690 1784 1726 1814 2.
1746 1787 1787 1827 p.
1807 1785 1847 1824 4.

414 1833 488 1872 Ad
508 1832 583 1873 hoc
603 1834 864 1887 proverbium
884 1834 1063 1876 alludere
1085 1835 1247 1876 videtur
1270 1835 1458 1891 Sophocl.
1481 1837 1633 1878 Trach.
1652 1851 1743 1893 143.
1763 1839 1847 1890 μήτ’

416 1899 594 1949 ἐκμάθοις
613 1903 802 1948 παθοῦσα,
823 1905 892 1942 νῦν
906 1900 937 1940 τ’
954 1902 1111 1954 ἄπειρος
1126 1902 1172 1943 εἳ.
1204 1901 1308 1942 Vide
1323 1901 1429 1943 infra
1440 1917 1477 1943 v.
1495 1914 1587 1957 250.
1620 1905 1847 1946 BLOMF.

413 1964 513 2021 μάθό
537 1970 630 2024 (sic)
653 1970 718 2011 Fl.
744 1964 883 2022 uolOo‘i‘s
903 1973 1046 2013 Guelf.
1075 1975 1210 2025 μαθὼν
1232 1973 1372 2029 Steph.

474 2047 566 2091 179.
598 2037 753 2086 στάζειν
771 2037 845 2090 πρὸ
874 2039 1029 2091 καρδίας
1057 2039 1207 2080 dicitur
1237 2039 1372 2081 dolor:
1405 2055 1489 2096 qua
1506 2041 1682 2098 imagine
1701 2043 1849 2100 saepius

415 2103 545 2143 utitur
566 2102 805 2158 AEschylus,
827 2114 874 2145 ut
893 2120 1038 2160 graves
1058 2106 1181 2146 animi
1203 2107 1372 2147 affectus
1397 2122 1466 2147 cor
1490 2107 1606 2163 quasi
1631 2108 1847 2160 inundare,

414 2184 483 2210 seu
512 2169 552 2209 in
580 2185 649 2210 cor
678 2169 827 2210 stillare
854 2171 1055 2221 dicantur,
1081 2182 1250 2228 propter
1278 2175 1485 2231 sanguinis
1513 2176 1660 2219 scilicet
1687 2178 1848 2220 effusio-

413 2251 520 2285 nem,
543 2236 715 2291 ejusque
734 2236 775 2276 in
797 2238 918 2279 corde
950 2239 1113 2280 nimiam
1144 2240 1423 2295 repletionem.
1482 2244 1547 2284 Sic
1571 2259 1610 2284 v.
1633 2257 1752 2299 1130.
1784 2246 1848 2286 ἐπὶ

347 2336 353 2343 .
414 2303 455 2342 δὲ
472 2303 629 2354 καρδίαν
650 2303 790 2354 ἔδραμε
811 2305 1060 2357 κροκοβαφὴς
1079 2308 1245 2358 σταγών.
1307 2307 1373 2348 Sic
1392 2308 1444 2349 de
1469 2308 1529 2349 ira
1549 2309 1735 2366 Choepb.
1752 2312 1844 2354 181.

414 2370 499 2420 ἐμοὶ
520 2369 720 2422 προσέστη
751 2372 904 2423 καρδίας
934 2373 1144 2414 κλυδώνιον
1172 2376 1307 2427 χολῆς.
1340 2374 1611 2426 Μνησιπήμων
1638 2378 1759 2420 πόνος
1786 2387 1847 2419 est

412 2451 540 2492 angor
559 2452 581 2476 e
601 2437 877 2478 recordatione
898 2453 969 2479 seu
985 2440 1226 2481 conscientia
1241 2440 1440 2481 malorum
1455 2441 1693 2484 facinorum.
1725 2445 1847 2493 Quod

412 2511 547 2543 autem
568 2502 735 2543 additur
755 2503 797 2544 ἔν
816 2504 852 2544 θ’
871 2505 991 2560 ὕπνῳ,
1009 2505 1072 2545 vel
1092 2521 1140 2546 eo
1160 2516 1328 2562 spectat,
1345 2507 1471 2563 quod,
1488 2507 1560 2562 qui
1579 2517 1696 2549 atrox
1715 2509 1846 2564 quod-

412 2567 505 2608 dam
536 2567 694 2608 facinus
721 2568 969 2618 commisere,
993 2569 1078 2610 sine
1106 2586 1204 2612 cura
1233 2571 1438 2627 quiescere
1467 2587 1546 2613 non
1576 2583 1760 2628 possunt,
1781 2573 1846 2614 vel

410 2632 652 2688 intelligitur
672 2633 723 2674 de
743 2634 908 2675 somniis
927 2635 1188 2686 terribilibus,
1209 2637 1361 2692 quibus
1379 2637 1593 2678 facinorosi
1619 2645 1842 2693 anguntur,

411 2714 434 2739 e
472 2714 695 2755 somnoque
733 2701 976 2752 excitantur,
1013 2702 1128 2757 quod
1168 2703 1329 2758 egregie
1361 2703 1623 2745 confirmatur
1657 2703 1841 2759 Choeph.

414 2781 452 2806 v.
483 2779 552 2820 30.
583 2781 671 2822 sqq.
703 2767 772 2808 ubi
806 2767 1118 2824 Clytaemnestra
1150 2769 1358 2810 nocturnis
1387 2769 1480 2810 visis
1510 2769 1641 2810 excita
1669 2769 1839 2811 dicitur:

410 2830 536 2882 Τορὸς
562 2833 637 2883 γὰρ
667 2833 794 2883 φόβος
824 2834 1002 2886 ὀρθόθριξ
1028 2835 1171 2886 Δόμων
1202 2834 1464 2887 ὀνειρομάντις
1501 2837 1543 2886 ἐξ
1573 2836 1695 2877 ὕπνου
1729 2838 1843 2877 κότον

411 2896 565 2948 Πνέων,
587 2899 828 2949 ἀωρόνυκτον
847 2899 1034 2949 ἆμβοάμα
1054 2902 1243 2953 Μυχόθεν
1263 2901 1381 2942 ἔλακε
1399 2902 1485 2953 περὶ
1506 2903 1635 2955 φόβῳ.
1670 2902 1799 2943 SCH.
