1962 3224
450 225 534 267 578
915 226 1411 267 ANNOTATIONES

507 334 573 376 28.
599 334 740 386 δέξαιθ’
760 336 868 377 Rob.
893 336 1034 392 Steph.
1067 336 1202 387 δέξαιτ’
1224 336 1326 377 Ald.
1348 337 1483 376 Turn.

507 413 572 454 29.
596 403 725 456 αἰδοίῳ
745 404 934 454 πνεύματι
948 402 1093 457 χώρας]
1104 403 1209 444 Cum
1225 402 1499 443 benevolentia
1515 406 1651 450 terroe,
1670 399 1697 440 ἱ.
1714 414 1749 440 e.
1769 399 1881 440 inco-

447 466 592 508 larum.
616 468 995 511 WELLAUER.
1746 462 1758 473 “

503 547 571 590 31.
593 533 623 575 δ’
647 536 790 588 ἑσμὸν]
811 536 842 577 δ’
866 537 987 587 ἐσμὸν
1007 536 1145 592 vulgo.
1175 536 1321 588 δεσμὸν
1336 536 1435 576 Ald.
1458 534 1566 576 Rob.

501 614 569 656 33.
591 602 671 656 ὄχῳ
691 602 890 657 ταχυήρει]
913 603 1040 645 Nave.

501 680 567 722 39.
590 668 919 720 σφετεριξάμενοι)
947 669 1282 722 πατραδελφείαν]
1316 667 1649 720 Σφετεριξάμενον
1674 666 1728 707 ad
1759 664 1882 717 ἐσμὸν

442 738 631 778 refertur.
691 740 823 780 Orant
851 750 986 780 autem
1018 739 1206 795 virgines,
1229 754 1279 779 ne
1307 753 1331 778 a
1360 738 1455 778 viris
1483 737 1750 792 abripiantur,
1771 745 1812 777 et
1837 735 1881 775 in

442 819 582 844 earum
609 814 851 860 potestatem
873 806 1050 856 veniant,
1071 821 1118 847 ac
1139 815 1346 860 tamquam
1367 804 1543 859 propriae
1567 804 1620 844 ab
1639 803 1736 859 ipsis
1761 816 1879 842 usur-

441 879 604 924 pentur.
668 871 719 911 Id
742 871 847 911 enim
871 881 930 912 est
946 872 1256 924 σφετερίζεσθαι.
1317 870 1573 925 Hesychius:
1607 870 1881 921 Σφετεριζόμε-

441 952 519 983 νος,
550 938 844 989 ὑφαιρούμενος,
881 939 1195 989 ἷδιοποιούμενος.
1237 936 1379 977 Proles
1412 936 1687 988 πατραδέλφου
1715 934 1780 974 hic
1805 950 1878 974 πα-

440 1004 657 1055 τραδελφία
690 1003 853 1044 dicitur.
904 1004 1089 1060 Hesych.
1122 1003 1421 1056 Πατράδελφος,
1463 1006 1565 1046 θεῖος
1596 1002 1692 1055 πρὸς
1723 1002 1876 1054 πατρός.

442 1068 661 1110 STANL.
711 1069 1029 1123 πατραδέλφειαν
1050 1069 1252 1111 Pauwius.
1282 1070 1578 1122 πατραδελφίαν
1596 1068 1703 1110 libri.

495 1136 906 1191 41—48=49—56.

494 1204 902 1257 57-62=63—68.

495 1270 906 1323 69—76=77—-—84.

497 1336 520 1375 8
523 1335 663 1390 5—89
672 1355 713 1372 =
723 1349 906 1390 90—94.

494 1412 738 1456 95—102=
752 1416 910 1458 103-1
921 1416 983 1444 10.

501 1481 1019 1525 111—122=123—133.

497 1547 716 1590 134-143
727 1555 768 1572 Ξ
781 1545 1014 1590 144-153-

495 1603 1012 1656 154—167=168—175.

489 1678 558 1718 41.
581 1667 897 1723 ἐπικεκλόμεναι]
921 1668 1202 1720 ἐπικεκλομένα
1223 1670 1357 1710 Turn.
1378 1677 1498 1710 recte.

489 1746 559 1785 42.
591 1738 692 1775 Δῖον
719 1736 871 1788 πόρτιν]
912 1735 1090 1776 Vitulum
1123 1736 1351 1791 Epaphum
1380 1746 1509 1787 vocat,
1537 1751 1587 1777 ex
1611 1737 1722 1779 Jove
1749 1745 1791 1777 et
1818 1736 1870 1777 Io

433 1815 528 1856 quae
549 1815 673 1841 vacca
691 1801 827 1842 fuerat
847 1811 1105 1857 prognatum.
1167 1802 1234 1843 Sic
1252 1802 1358 1843 infra
1377 1818 1415 1844 v.
1435 1816 1530 1858 313.
1564 1804 1693 1844 SCH.

487 1868 743 1919 ὑπερπόντιον
763 1868 939 1923 τιμάορα]
966 1869 1175 1909 Vindicem
1195 1875 1379 1910 nostrum
1407 1870 1751 1919 transmarinum,
1772 1868 1870 1924 quia

433 1933 515 1974 scil.
536 1933 578 1973 in
600 1933 787 1990 AEgypto
806 1935 953 1975 fuerat.
989 1935 1118 1975 SCH.

487 2014 557 2055 43.
580 2000 724 2054 τιμάορ’
745 2000 844 2056 ἶνιν]
867 2001 938 2053 τιμ’
961 2003 1110 2054 ἆόρινιν
1130 2001 1231 2042 Ald.
1253 2002 1362 2042 unde
1381 2002 1563 2055 τιμάορον
1581 2003 1659 2044 ῒνιν
1679 2003 1814 2043 Turn.

488 2080 556 2118 44.
588 2068 883 2119 ἀνθονομούσας
912 2069 1133 2109 Porsonus.
1179 2070 1416 2120 ἀνθονόμους
1444 2072 1512 2112 τᾶς
1541 2070 1607 2110 Μ.
1633 2077 1674 2110 et
1696 2068 1769 2124 qui
1798 2070 1866 2112 τὰς

432 2134 528 2174 Par.
550 2134 660 2175 Rob.
696 2135 933 2186 ἀνθονόμους
952 2139 1036 2178 ταῖς
1057 2134 1159 2175 Ald.
1195 2136 1412 2187 ἆνθονόμου
1432 2140 1515 2179 ταῖς
1534 2137 1670 2177 Turn.
1704 2137 1866 2177 ἀνθονο-

431 2204 520 2251 μαῖς
539 2204 622 2243 ταῖς
643 2201 787 2241 Guelf.

485 2279 555 2320 45.
580 2267 798 2320 ἐπιπνοίας]
822 2267 1039 2310 ἐπιπνοίαις
1059 2267 1123 2307 Μ.
1149 2266 1291 2307 Guelf.
1312 2267 1416 2309 Ald.
1440 2269 1574 2309 Turn.

486 2335 554 2384 46.
574 2343 644 2385 47.
664 2342 705 2373 et
723 2344 791 2386 54.
805 2341 876 2386 55.
895 2333 1184 2388 conjungendi.

485 2401 553 2451 46.
591 2399 758 2453 ἔφαψιν]
795 2400 832 2439 Ι.
862 2414 904 2454 q.
935 2408 1054 2440 antea
1088 2401 1243 2454 ἐπαφὴν
1268 2416 1307 2442 v.
1343 2401 1404 2442 18.
1437 2400 1725 2456 appellaverat.
1755 2399 1863 2442 Con-

429 2466 705 2506 trectationem
735 2466 840 2505 enim
861 2466 982 2506 ‚Iovis
1001 2468 1163 2507 nomine
1175 2468 1269 2522 filii
1288 2468 1548 2522 confirmavit
1565 2467 1730 2522 {jusque
1746 2479 1863 2506 omen

428 2533 617 2587 implevit
617 2533 763 2587 fatale
783 2538 940 2588 tempus
963 2533 1061 2586 (scil.
1081 2533 1335 2589 graviditatis
1355 2533 1431 2574 Ifis
1450 2547 1582 2588 usque
1600 2532 1652 2573 ad
1676 2536 1857 2587 partum)

428 2598 729 2654 Epaphumque
743 2601 901 2655 peperit
919 2600 971 2640 ab
992 2601 1124 2656 ἐπαφῇ
1143 2601 1212 2642 illa
1230 2600 1495 2642 nominatum.
1555 2599 1621 2640 Sic
1651 2598 1861 2640 Prometh.

428 2679 468 2704 v.
491 2664 586 2718 854.

599 2732 766 2771 ἐνταῦθα
785 2731 830 2782 δή
851 2748 898 2772 σε
918 2732 1015 2774 Ζεὺς
1033 2733 1185 2783 τίθησιν
1205 2732 1380 2785 ἔμφρονα

598 2797 760 2848 ἐπαφῶν
779 2798 944 2850 ἀταρβεῖ
959 2800 1061 2851 χειρὶ
1082 2799 1144 2840 καὶ
1163 2800 1282 2851 θιγὼν
1300 2799 1434 2850 μόνον.

597 2863 798 2913 ἐπώνυμον
817 2865 860 2904 δὲ
881 2868 956 2905 τῶν
977 2865 1071 2908 Διὸς
1090 2864 1310 2917 θιγημάτων

596 2929 714 2979 τέξεις
735 2930 918 2972 κελαινὸν
933 2930 1133 2984 Ἔπαφον.
1184 2931 1313 2972 SCH.
