1962 3224
779 663 1423 718 SUPPLICES.

375 988 849 1041 ARGUMENTUM
871 998 995 1055 hujus
1016 999 1227 1055 tragoediae
1246 998 1421 1040 excidit:
1454 998 1603 1055 poterit
1619 1013 1715 1040 vero
1729 998 1814 1055 peti

375 1079 426 1105 ex
447 1064 704 1121 Apollodoro
726 1078 764 1115 2,
790 1078 825 1106 1.
849 1066 1036 1107 Zenobio
1058 1078 1097 1116 2,
1113 1067 1151 1107 6.
1174 1065 1395 1107 Eustathio
1423 1064 1465 1106 in
1487 1066 1734 1116 Homerum,
1748 1065 1813 1106 vel

374 1131 552 1187 denique
581 1147 633 1173 ex
663 1132 874 1173 scholiaste
901 1132 943 1173 in
965 1133 1258 1174 Prometheum
1281 1148 1317 1173 v.
1341 1133 1436 1187 852.
1484 1132 1687 1189 Epaphus
1705 1132 1813 1174 filius

374 1199 406 1239 J
407 1198 493 1239 ovis
511 1207 552 1240 et
573 1200 662 1249 Ius,
682 1213 707 1239 a
733 1208 922 1240 contactu
946 1200 976 1239 J
979 1198 1065 1240 ovis
1089 1198 1234 1250 dictus,
1260 1199 1404 1255 genuit
1430 1199 1594 1250 Belum,
1615 1199 1688 1255 qui
1707 1199 1812 1240 duos

373 1265 478 1306 filios
497 1265 902 1322 habuit,AEgyptum
918 1275 958 1307 et
973 1267 1181 1307 Danaum.
1210 1266 1390 1322 AEgypti
1409 1275 1546 1307 autem
1561 1278 1677 1308 erant
1690 1266 1809 1323 quin-

373 1333 571 1389 quaginta
602 1333 686 1384 filii,
720 1343 761 1374 et
796 1333 931 1374 Danai
966 1332 1134 1374 totidem
1170 1333 1287 1381 filiae;
1332 1334 1548 1390 AEgyptus
1577 1343 1728 1381 autem,
1765 1343 1812 1374 ut

372 1414 544 1455 regnum
565 1400 702 1441 fratris
720 1399 773 1441 ad
794 1415 835 1442 se
850 1409 1065 1451 averteret,
1083 1400 1274 1456 cupiebat
1294 1415 1388 1441 suos
1406 1399 1510 1441 filios
1532 1415 1625 1442 cum
1645 1410 1810 1456 patrue-

372 1466 480 1508 libus
513 1467 709 1508 uxoribus
743 1467 1016 1523 conjungere;
1049 1467 1161 1523 quod
1195 1466 1282 1523 ipse
1312 1467 1483 1507 Danaus
1513 1466 1550 1507 ei
1583 1466 1810 1516 recusabat,

371 1533 521 1589 partim
540 1534 594 1575 ob
614 1548 802 1589 regnum,
833 1533 981 1589 partim
1009 1533 1063 1574 ob
1087 1533 1315 1589 periculum
1345 1533 1467 1583 necis,
1488 1547 1612 1588 quam
1643 1533 1718 1574 sibi
1747 1533 1809 1573 in-

371 1611 477 1643 stare
508 1601 561 1642 ab
592 1617 675 1642 uno
710 1601 886 1642 filiorum
917 1601 1067 1651 fratris,
1102 1601 1155 1643 ab
1188 1601 1352 1642 oraculo
1382 1611 1639 1656 cognoverat.
1699 1602 1806 1641 Cum

371 1678 507 1710 tamen
524 1669 740 1724 AEgyptus
758 1677 859 1709 esset
883 1668 1104 1724 potentior,
1123 1677 1163 1709 et
1183 1668 1225 1708 vi
1244 1668 1408 1724 adigere
1428 1669 1622 1709 Danaum
1642 1667 1695 1708 ad
1715 1682 1809 1708 con-

368 1735 563 1777 ditionem
584 1735 760 1776 filiorum
785 1734 1059 1790 accipiendam
1090 1743 1263 1790 pararet,
1285 1735 1455 1775 Danaus
1481 1734 1583 1775 filias
1612 1734 1705 1775 navi
1734 1733 1808 1775 im-

370 1803 521 1860 posuit,
556 1812 597 1844 et
628 1804 768 1859 Argos
796 1802 975 1858 aufugit,
1010 1802 1121 1843 unde
1153 1802 1392 1843 meminerat
1424 1803 1475 1842 Io
1507 1810 1713 1843 auctorem
1745 1802 1808 1842 sui

367 1869 528 1926 generis
547 1868 643 1910 olim
662 1869 841 1917 venisse;
875 1869 947 1910 ubi
966 1878 1060 1925 post
1080 1868 1278 1925 regnavit,
1300 1877 1339 1909 et
1361 1868 1516 1909 Danais
1541 1882 1686 1909 nomen
1715 1882 1740 1908 a
1766 1882 1808 1908 se

368 1936 495 1978 dedit.
537 1936 756 1978 Inducitur
774 1936 913 1992 itaque
932 1936 1081 1977 chorus
1101 1935 1337 1977 Danaidum
1358 1935 1673 1992 supplicantium
1694 1935 1807 1992 apud

369 2006 525 2060 Argos,
558 2013 606 2045 ut
641 2003 790 2060 Argivi
823 2003 1047 2045 defendant
1080 2003 1167 2044 illas
1197 2003 1250 2045 ab
1281 2002 1431 2059 injuria
1465 2002 1732 2044 violentarum
1765 2010 1806 2043 et

367 2072 611 2129 injustarum
632 2072 884 2128 nuptiarum.
917 2072 1135 2112 STANL.

429 2272 465 2300 Ι.
498 2258 594 2301 Ζεὺς
611 2259 685 2310 μὲν
705 2257 893 2311 ἀφίκτωρ]
917 2256 1173 2312 Hesychius:
1205 2256 1431 2309 Ἀφίκτορα,
1454 2256 1523 2297 τὸν
1543 2255 1690 2297 ἱκέσιον
1711 2257 1802 2297 Δία.

367 2324 451 2367 scil.
473 2339 564 2366 cum
585 2324 781 2376 Ἀφίκτωρ
801 2323 853 2364 de
872 2324 944 2364 deo
973 2323 1123 2364 dicitur
1147 2324 1381 2379 supplicum
1402 2323 1624 2379 praesz'dem
1653 2322 1801 2370 innuit,

365 2407 459 2434 cum
486 2391 538 2432 de
567 2390 731 2431 homine
749 2390 972 2446 supplicem
996 2389 1144 2446 ipsum,
1167 2399 1214 2431 ut
1233 2405 1271 2430 v.
1294 2391 1388 2445 256.
1419 2389 1554 2430 κλάδοι
1580 2407 1627 2443 γε
1653 2391 1726 2441 μὲν
1756 2390 1802 2440 δὴ

367 2460 464 2500 κατὰ
483 2456 623 2510 νόμους
643 2455 873 2510 ἀφικτόρων.
906 2457 1124 2497 STANL.

424 2539 461 2570 2.
483 2525 629 2567 στόλον
642 2525 830 2577 ἡμέτερον
850 2523 975 2578 νάϊον]
997 2524 1156 2565 C'oetum
1175 2530 1362 2565 nostrum
1378 2523 1582 2572 navalem,
1602 2522 1630 2563 i.
1646 2537 1680 2564 e.
1701 2537 1801 2563 nave

364 2594 446 2635 huc
475 2592 717 2650 profectum.
751 2592 880 2632 SCH.
941 2591 993 2631 In
1027 2590 1186 2631 scholiis
1219 2589 1429 2646 Apollonii
1463 2588 1618 2630 Rhodii
1650 2588 1801 2644 legitur

363 2661 469 2702 hanc
498 2674 655 2710 navem,
676 2674 760 2714 qua
788 2657 876 2699 istae
905 2657 1115 2699 Danaides
1134 2666 1274 2707 vectae,
1299 2656 1473 2712 primam
1492 2655 1673 2696 omnium
1695 2655 1800 2696 exti-

363 2729 458 2770 tisse
486 2742 511 2768 a
539 2728 686 2768 Danao
714 2725 970 2775 aedificatam,
992 2734 1032 2766 et
1056 2724 1247 2766 Danaida
1275 2723 1425 2764 dictam
1453 2722 1506 2763 ad
1539 2735 1578 2774 1,
1598 2735 1649 2775 4:
1681 2722 1799 2763 ἄλλοι

363 2796 406 2837 δὲ
425 2794 591 2847 λέγουσι
612 2793 774 2835 Δαναὸν
799 2790 1032 2843 διωκόμενον
1059 2792 1134 2833 ὑπὸ
1156 2792 1352 2844 Αἰγύπτου
1381 2794 1533 2843 πρῶτον
1562 2789 1798 2831 κατασκευά-

364 2879 444 2910 σαι,
461 2863 553 2902 ὅθεν
574 2861 637 2902 καὶ
658 2859 805 2902 Δαναῒς
826 2858 981 2910 ἐκλήθη.
1014 2859 1236 2900 SPANH.

418 2942 460 2984 3.
481 2927 649 2981 ἀρθέντ’]
672 2926 839 2979 ἀρθέντα
860 2927 995 2967 Turn.
1029 2924 1178 2978 ἀρθέντ’
1199 2924 1291 2967 libri
1311 2924 1470 2980 reliqui.
