1962 3224
601 173 691 215 AD
722 168 1115 214 EUMENIDES.
1504 160 1590 204 563

186 289 282 342 726.
302 289 425 346 χῶτε]
453 289 489 343 χ’
511 287 588 329 ὥτε
609 285 752 342 Steph.
796 284 834 339 χ’
857 285 909 328 ὥς
938 300 982 324 τε
1003 279 1146 324 Guelf.
1168 277 1271 320 Ald.
1296 278 1435 319 Turn.
1478 275 1519 330 χ’
1539 276 1590 319 ὥς

129 356 240 398 Rob.

187 434 282 479 727.
302 425 476 467 παλαιὰς
496 422 697 477 δαίμονας]
723 421 902 462 παλαιὰν
923 417 1114 470 διανομὴν
1134 432 1157 458 e
1178 414 1285 457 libro
1305 414 1406 456 MS.
1428 411 1590 455 restitui

128 491 170 533 in
192 491 441 533 Zimmerma
500 490 514 532 i
560 536 562 539 ,
594 490 681 532 ario
700 505 740 532 a.
763 489 888 546 1836.

187 560 282 617 728.
304 560 440 616 οἴνῳ]ν
503 567 514 571 ’“
579 558 706 601 tradit
722 556 846 600 schol.
870 555 1021 612 Eurip.
1043 554 1203 596 Alcest.
1225 565 1290 597 12.

189 638 283 684 730·
308 614 510 685 εμςῑςήμῇ
531 627 640 669 libri.

187 707 284 751 731.
302 696 553 751 ,xdfflmrdg‘eq
582 694 801 747 καθιππάζῃ
821 692 928 736 libri.

108 787 112 791 ·
188 774 284 820 733.
306 765 571 820 ἀμφίβουλος]
596 765 826 818 ἀμφίβολος
847 763 912 803 Μ.
935 759 1081 802 Guelf.
1103 758 1207 801 Ald.
1229 757 1341 799 Rob.

190 843 284 888 735.
306 828 1064 888 ψῆφον-προσθήσομαι]’Μὶηθτναηι
1086 842 1208 869 suum
1238 825 1436 883 adjecisse
1455 823 1591 866 calcu-

131 901 231 952 lum,
253 916 338 958 quo
357 900 573 943 absolutus
588 909 650 942 est
671 902 852 949 Orestes,
872 897 1047 940 tradunt
1065 895 1135 938 alii
1155 910 1338 952 quoque.
1387 893 1596 936 Aristides

132 968 212 1009 vol.
248 981 278 1008 1.
315 984 358 1026 p.
381 980 450 1021 24.
483 970 604 1011 Cant.
639 967 710 1020 τὴν
741 968 785 1009 δὲ
819 967 1121 1021 φιλανθρωπίαν
1155 963 1403 1019 (Minervae)
1436 963 1475 1003 οἱ
1506 961 1596 1015 περὶ

131 1037 328 1090 Ὀρέστην
347 1037 463 1091 λόγοι
480 1037 753 1090 μαρτύρονται,
775 1035 822 1077 ὃν
842 1035 1023 1088 φυγόντα
1041 1035 1116 1086 μὲν
1137 1035 1178 1086 ἐξ
1193 1032 1367 1086 Ἀργους
1384 1031 1594 1083 Ἀθήναζε,

133 1106 335 1159 φεύγοντα
354 1104 386 1147 δ’
407 1104 598 1157 Ἀθήνησι
617 1106 727 1155 δίκην
746 1102 808 1145 ὑπ’
832 1103 1071 1156 Εὐμενίδων,
1092 1104 1192 1144 ἵσων
1213 1105 1291 1143 τῶν
1309 1100 1461 1155 ψήφων
1481 1117 1594 1154 γενο-

131 1174 262 1228 μένων
281 1173 530 1227 προσθεμένη
549 1174 620 1225 τὴν
639 1171 728 1226 παρ’
751 1172 882 1215 αὐτοῖς
902 1172 1030 1221 σώζει.
1062 1171 1124 1212 καὶ
1144 1172 1278 1212 τοίνυν
1305 1170 1363 1211 ἔτι
1389 1171 1460 1211 νῦν
1479 1169 1596 1218 σῶζει

133 1242 296 1290 πάντας,
319 1244 390 1284 ἐὰν
408 1244 494 1284 ἴσαι
513 1242 720 1296 γένωνται.
751 1240 950 1282 Julianus
969 1255 1013 1297 p.
1038 1253 1121 1292 114
1142 1240 1199 1280 D.
1220 1237 1413 1290 Ἀθήνησι
1431 1238 1506 1290 μὲν
1526 1238 1597 1279 οὖν

134 1316 263 1364 φασιν
282 1311 342 1352 ὅτι
361 1314 443 1354 τοῖς
461 1311 628 1363 πρώτοις
647 1310 781 1352 ἔθεσιν
803 1311 990 1364 ἐχρῶντο,
1013 1308 1077 1350 καὶ
1098 1308 1195 1359 ἔζων
1214 1311 1296 1350 τοῖς
1321 1307 1480 1350 οἰκείοις
1508 1323 1596 1347 πει-

134 1380 294 1432 θόμενοι
330 1380 477 1431 νόμοις,
506 1380 687 1433 μεγάλην
723 1379 787 1420 καὶ
819 1376 1134 1431 πολυάνθρωπον
1163 1378 1363 1419 οἰκοῦντες
1396 1376 1531 1427 πόλιν,
1564 1377 1602 1417 εἴ

135 1464 231 1488 ποτε
260 1451 337 1488 τῶν
357 1448 589 1496 δικαζόντων
609 1448 650 1488 αἱ
668 1449 802 1501 ψῆφοι
833 1444 913 1487 κατ’
936 1446 1028 1487 ἴσον
1054 1446 1263 1498 φαίνοιντο
1292 1448 1374 1488 τοῖς
1403 1445 1598 1498 φεύγουσι

134 1515 232 1568 πρὸς
260 1515 350 1559 τοὺς
374 1516 599 1564 διώκοντας,
622 1515 693 1565 τὴν
722 1513 790 1566 τῆς
812 1515 981 1566 Ἀθηνᾶς
1011 1512 1284 1565 ἐπιτιθεμένην
1303 1515 1357 1568 τῷ
1387 1512 1459 1564 τὴν
1488 1513 1599 1565 δίκην

134 1583 332 1637 ὀφλήσειν
350 1583 554 1635 μέλλοντι,
576 1583 766 1624 ἀπολύειν
786 1583 903 1636 ἄμφω
933 1584 1000 1633 τῆς
1019 1582 1158 1625 αἰτίας.
1210 1581 1489 1623 Philostratus
1510 1580 1594 1622 Vit.

134 1651 262 1709 Soph.
285 1664 324 1703 2,
343 1666 384 1708 3.
406 1651 448 1692 in
469 1650 690 1702 Aristode,
711 1651 975 1702 εὐδοκιμοῦντι
995 1651 1039 1691 δὲ
1059 1650 1161 1706 αὐτῷ
1193 1651 1291 1691 κατὰ
1310 1653 1355 1691 τὸ
1378 1649 1596 1703 Πέργαμον

137 1719 407 1775 κᾶξηρτημένῳ
437 1722 515 1760 πᾶν
535 1719 580 1760 τὸ
597 1717 852 1771 Ἑλληνικὸν,
877 1719 1100 1770 ἐξελαύνων
1120 1719 1142 1759 ὁ
1160 1716 1340 1771 ςΗρώδης
1360 1719 1416 1761 εἰς
1436 1717 1597 1771 Πέργα-

136 1806 225 1841 μον,
257 1789 413 1841 ἔπεμψε
441 1788 531 1831 τοὺς
562 1789 700 1828 ἑαυτοῦ
733 1788 921 1839 ὁμιλητὰς
952 1786 1114 1830 πάντας·
1149 1787 1212 1828 καὶ
1239 1786 1310 1828 τὸν
1335 1785 1600 1839 Ἀριστοκλέα

140 1856 243 1898 εἶδεν
263 1857 396 1908 ὥσπερ
416 1872 474 1898 τις
492 1854 663 1906 Ἀθηνᾶς
691 1858 842 1908 ψῆφος.
894 1854 1092 1896 Meminit
1111 1864 1153 1896 et
1174 1854 1259 1896 Dio
1278 1866 1350 1910 51,
1375 1869 1440 1910 19.
1463 1855 1602 1907 ἔκκλη-

139 1925 210 1966 τόν
238 1941 282 1965 τε
306 1922 472 1972 δικάζειν
503 1923 565 1964 καὶ
594 1923 738 1976 ψῆφόν
764 1939 853 1964 τινα
882 1922 1001 1964 αὐτοῦ
1030 1923 1074 1964 ἐν
1104 1925 1203 1964 πᾶσι
1234 1926 1314 1966 τοῖς
1339 1924 1601 1976 δικαστηρίοις

140 1993 274 2045 ὥσπερ
287 1990 457 2042 Ἀθηνᾶς
475 1989 670 2044 φέρεσθαι
686 1989 915 2032 ἐκέλευσαν.
940 1990 1164 2032 STANL.
1201 1990 1276 2031 Ab
1290 1989 1457 2032 illorum
1474 1991 1601 2048 scrip·

141 2069 278 2101 torum
299 2057 531 2099 narratione
545 2073 595 2099 eo
615 2057 829 2100 dissentire
846 2057 1094 2115 AEschylum
1118 2057 1380 2100 manifestum
1397 2068 1473 2109 est,
1487 2059 1601 2116 quod

141 2127 377 2169 Minervam
396 2125 581 2168 nondum
603 2126 827 2168 numeratis
847 2126 1200 2184 Areopagitarum
1221 2127 1391 2170 calculis
1410 2143 1532 2170 suum
1559 2128 1601 2169 in

141 2210 288 2237 urnam
324 2194 542 2251 conjecisse
576 2193 780 2236 calculum
820 2209 953 2251 eoque
988 2194 1167 2236 effecisse
1206 2195 1327 2237 finxit
1363 2204 1410 2238 ut
1451 2212 1529 2254 par
1559 2196 1601 2238 in

143 2273 363 2320 utramque
383 2263 625 2305 sententiam
646 2262 897 2305 calculorum
918 2278 1117 2305 numerus
1139 2264 1332 2307 evaderet
1352 2266 1604 2322 Orestesque

142 2332 369 2374 secundum
417 2331 548 2388 legem
595 2347 631 2373 v.
675 2342 770 2386 741.
820 2331 1086 2374 constitutam
1130 2333 1428 2376 absolveretur.
1491 2336 1603 2377 Cum

145 2399 348 2456 AEschylo
366 2400 626 2442 consentiunt
648 2400 865 2457 scriptores
884 2400 937 2442 ab
959 2402 1205 2444 Hermanno
1233 2418 1274 2459 p.
1295 2403 1388 2458 189.
1419 2403 1604 2456 indicati,

144 2467 359 2509 scholiasta
382 2467 577 2509 Aristidis
603 2467 658 2509 ad
679 2468 759 2510 vol.
786 2483 823 2510 1.
854 2484 898 2525 p.
926 2471 1021 2520 108,
1047 2484 1110 2512 το.
1140 2486 1183 2527 p.
1203 2471 1303 2524 428.
1325 2471 1390 2513 ed.
1414 2473 1601 2514 Fromm.

145 2537 248 2589 φασὶ
268 2538 310 2577 δὲ
331 2537 390 2576 ὅτι
408 2540 484 2576 τῶν
506 2536 546 2587 ἓξ
567 2540 667 2578 θεῶν
686 2538 979 2589 προστιθέντων
999 2542 1085 2581 ταῖς
1106 2540 1286 2591 Ἐρινύσι
1317 2541 1380 2581 καὶ
1400 2545 1477 2582 τῶν
1499 2539 1529 2582 ε’
1549 2541 1603 2598 τῷ

144 2603 327 2659 Ὀρέστῃ,
358 2603 553 2656 μετέωρον
584 2604 758 2658 ἔχουσαν
788 2605 858 2656 τὴν
884 2608 1025 2659 ψῆφον
1044 2605 1218 2658 Ἀθηνᾶν
1240 2608 1412 2648 ὕστατον
1441 2625 1603 2661 προστι-

145 2675 286 2713 θεῖσαν
307 2673 461 2721 νικῆσαι
491 2670 609 2711 αὐτὸν
628 2671 851 2722 πεποίηκεν·
885 2673 1050 2716 εἰκότως·
1081 2674 1179 2726 ὑπὲρ
1209 2674 1254 2715 οὗ
1274 2676 1350 2727 γὰρ
1380 2675 1452 2726 τὴν
1472 2677 1604 2717 ἐκεῖσε

145 2741 274 2792 κρίσιν
294 2737 512 2791 ἠγάπησεν,
536 2738 623 2779 ἀντὶ
651 2737 810 2792 χάριτος
838 2739 956 2794 χάριν
972 2741 1074 2796 αὐτῷ
1106 2742 1373 2796 εἰσενήνοχεν.
1407 2745 1442 2784 εἰ
1472 2743 1516 2785 δέ
1545 2761 1603 2788 τις

146 2807 264 2855 εἴποι,
284 2808 366 2847 πῶς
394 2804 438 2845 τὸ
457 2806 547 2846 ἴσον
568 2804 672 2859 ἔχων
691 2809 769 2846 τῶν
796 2809 896 2847 θεῶν
917 2807 1132 2858 νενίκηκεν,
1162 2810 1264 2862 ἐρεῖς
1293 2810 1353 2851 ὅτι
1380 2811 1518 2863 θνητὸς
1548 2811 1604 2854 ὢν

147 2875 216 2917 τὰς
245 2874 334 2916 ἴσας
363 2875 440 2914 τῶν
459 2875 559 2914 θεῶν
578 2872 738 2926 ψήφους
768 2873 940 2925 ἐδέξατο,
963 2877 1026 2916 διὰ
1044 2879 1156 2918 τοῦτο
1188 2879 1378 2930 νενίκηκε.
1424 2880 1602 2922 Lucian.

150 2940 299 2982 Piscat.
320 2955 357 2981 c.
382 2952 446 2981 21.
481 2941 548 2992 ἐμὲ
575 2942 617 2982 δὲ
640 2940 689 2992 ἤν
715 2958 791 2983 που
817 2943 1079 2994 κρατούμενον
1106 2946 1188 2996 ἴδῃς
1211 2945 1466 2999 (Minervam
1487 2948 1603 3005 dicit)

834 3022 863 3062 4
884 3024 907 3050 Β
932 3023 956 3054 2
