1962 3224
565 162 655 203 AD
686 159 1224 202 AGAMEMNONEM.
1545 154 1631 200 369

215 275 317 328 488.
338 273 690 328 γυναικοκήρυκτον
712 271 858 328 steph.
881 270 1120 326 conjectura
1139 268 1290 310 inutili.
1352 267 1628 309 Scribendum

157 341 490 396 γυναικογήρυτον
509 356 562 383 ex
584 341 649 382 Fl.
674 341 731 382 T.
784 340 837 380 In
861 340 916 380 T.
940 337 998 394 gl.
1024 337 1111 390 ἤτοι
1141 337 1185 378 τὸ
1212 338 1435 390 λεγόμενον
1455 335 1532 377 ὑπὸ
1553 339 1631 376 τῶν

156 426 367 462 γυναικων.

211 478 310 533 489.
334 477 567 533 εἰσόμεσθα]
590 478 780 529 εἰσόμεθα
802 476 837 516 F
842 474 867 516 l.
901 473 1126 530 Sophocles
1146 472 1295 528 Antig.
1312 473 1410 527 631.
1433 471 1486 512 ab
1510 472 1629 513 Stan-

154 543 234 585 leio
252 556 516 601 comparatus
536 543 623 599 τάχ’
645 545 863 596 εἰσόμεσθα
881 540 1063 595 μάντεων
1082 541 1310 594 ὑπέρτερον.

208 626 313 668 494.
338 614 490 669 ἐλαίας]
520 612 795 655 Scribendum
819 610 953 654 ἐλάας.

214 680 326 725 κάσις
354 682 503 736 πηλοῦ]
536 680 699 722 Eadem
732 678 976 736 metaphora
999 678 1116 734 Sept.
1139 691 1237 731 494.
1259 677 1404 730 λιγνὺν
1423 675 1631 728 μέλαιναν,

157 750 301 802 αἰόλην
319 750 442 803 πυρὸς
463 748 591 792 κάσιν.

212 819 313 874 496.
335 819 441 862 κόνις
460 817 687 875 opponitur
709 820 859 873 καπνῷ,
881 827 922 858 et
942 814 1147 857 sententia
1168 813 1296 855 totius
1326 813 1406 855 loci
1438 813 1529 854 haec
1556 821 1633 862 est,

154 900 210 927 ea:
234 886 426 942 pulvere,
446 901 564 943 quem
586 888 755 937 eoecitat,
776 886 968 942 intelligo
997 899 1090 925 eum
1119 899 1206 924 non
1236 898 1321 924 uno
1341 883 1425 923 loco
1448 888 1563 923 stare
1588 886 1635 921 ut

153 955 296 1011 ignem
318 955 530 1004 accendat,
551 955 623 996 sed
653 967 876 995 accurrere
907 959 956 994 ut
985 953 1123 994 verbis
1153 966 1229 993 nos
1262 952 1457 992 certiores
1468 950 1632 1005 faciat.

155 1022 543 1063 WELLAUER.
606 1021 752 1063 Pulvis
783 1022 952 1064 ἄναυδος
971 1020 1104 1074 σαφὴς
1125 1021 1265 1072 ἔτυμος
1285 1020 1461 1073 ἄγγελος
1480 1017 1634 1060 exerci-

156 1098 226 1129 tus
245 1088 625 1146 appropinquantis
646 1100 819 1131 vocatur
842 1091 957 1145 Sept.
980 1090 1047 1144 83.

211 1157 305 1199 οὔτε
325 1174 392 1198 σοι
411 1159 533 1199 δαίων
554 1158 711 1212 φλόγα]
739 1159 790 1198 In
813 1157 877 1198 his
898 1157 1035 1198 verbis
1054 1156 1203 1198 vitium
1225 1155 1438 1212 quoddam
1461 1155 1572 1197 latet.

209 1238 311 1279 497.
334 1226 436 1266 Post
457 1226 579 1279 πυρός
598 1240 761 1267 comma
782 1235 975 1282 ponatur.

210 1302 311 1347 503.
351 1293 564 1334 Praeconis
605 1309 756 1335 nomen
793 1293 910 1335 deest
950 1293 991 1334 in
1034 1292 1182 1350 steph.
1219 1291 1440 1348 Talthybii
1484 1307 1632 1333 nomen

151 1359 387 1417 adsignavit
408 1362 665 1417 Argumenti
697 1373 859 1413 auctor,
882 1361 998 1418 quod
1034 1372 1144 1403 recte
1175 1376 1345 1402 secusne
1376 1361 1531 1402 factum
1564 1361 1632 1412 sit,

151 1427 320 1470 dubitat
343 1429 566 1480 Stanleius‚
583 1431 684 1486 quia
709 1430 824 1488 apud
859 1432 1057 1472 Senecam
1090 1430 1132 1471 in
1160 1432 1497 1486 Agamemnone,
1523 1444 1630 1470 nun-

150 1497 240 1538 cius
259 1497 333 1554 qui
355 1498 499 1555 Trojae
521 1498 728 1540 excidium
748 1499 1081 1557 Clytaemnestrae
1100 1498 1271 1548 indicat,
1294 1499 1535 1555 Eurybates
1556 1508 1629 1540 est.

152 1570 182 1590 ‘⁶
201 1566 409 1622 Uterque,
431 1577 471 1608 et
494 1566 753 1623 Talthybius
781 1577 823 1609 et
845 1568 1100 1625 Eurybates,
1132 1581 1347 1624 praecones
1371 1575 1489 1607 erant
1509 1567 1627 1622 Aga-

153 1634 401 1686 memnonis,
432 1650 614 1692 quorum
648 1636 765 1692 apud
798 1637 1034 1678 Homerum
1072 1636 1204 1678 multa
1237 1634 1432 1676 mentio.’'
1492 1636 1630 1692 Atqui

152 1701 410 1759 Eurybates,
432 1705 764 1760 Agamemnonis
794 1719 947 1762 praeco,
968 1705 1094 1747 semel
1125 1715 1286 1747 tantum
1319 1703 1432 1761 apud
1466 1705 1628 1746 Home-

151 1784 244 1810 rum
267 1780 544 1819 memoratum
569 1781 611 1813 et
630 1771 814 1813 dubitari
846 1783 982 1831 potest
1012 1789 1149 1815 annon
1170 1784 1212 1815 et
1232 1773 1308 1814 iste
1329 1773 1437 1814 idem
1460 1774 1512 1815 sit
1532 1789 1628 1815 cum

151 1838 373 1894 Eurybate
396 1840 618 1891 Ithacensi‚
639 1840 714 1896 qui
742 1840 991 1898 plerumque
1013 1842 1186 1899 Ulyxen
1218 1842 1484 1898 sequebatur.
1532 1842 1627 1884 Vid.

149 1905 281 1948 schol.
305 1907 459 1950 Victor.
480 1908 535 1949 ad
558 1908 680 1950 Iliad.
704 1913 738 1959 Ι,
760 1920 855 1964 170.
887 1911 1042 1952 Noster
1062 1910 1171 1951 infra
1191 1909 1477 1966 compellatur,
1498 1910 1632 1963 Κήρυξ

148 1973 467 2030 Ἀχαιῶν-τῶν
487 1976 565 2018 ἀπὸ
587 1981 770 2030 στρατοῦ.
808 1978 962 2035 Eurip.
986 1979 1146 2020 Troad.
1171 1981 1264 2033 238.
1288 1978 1404 2031 κήρυξ
1425 1980 1467 2030 ἐξ
1486 1978 1625 2033 Ἀχαϊ-

151 2046 222 2085 κοῦ
242 2046 717 2098 στρατοῦ-Ταλθύβιος.
769 2047 968 2088 Ceterum
991 2047 1171 2104 tragicos
1194 2047 1394 2088 unitatem
1417 2047 1627 2103 temporis,

151 2124 199 2154 ut
229 2112 361 2164 aiunt,
385 2113 754 2155 verisimilitudinis
780 2105 1000 2172 dispendio
1030 2131 1211 2157 servasse
1241 2124 1358 2156 notat
1379 2114 1465 2155 Dio
1486 2115 1625 2172 Chry-

149 2191 247 2224 sost.
269 2182 344 2224 Or.
364 2195 435 2238 52.
459 2198 500 2239 p.
523 2195 548 2237 5
551 2192 620 2238 50.
656 2187 727 2224 νῦν
748 2184 791 2225 δὲ
813 2182 1006 2228 πολλάκις
1028 2186 1072 2226 ἐν
1091 2187 1161 2239 μιᾷ
1182 2183 1307 2239 ἡμέρᾳ
1336 2184 1626 2237 παραγιγνομέ-

149 2267 243 2294 νους
262 2255 420 2293 ποιοῦσι
439 2252 530 2296 τοὺς
550 2252 716 2305 κήρυκας
736 2255 934 2294 πλειόνων
953 2254 1107 2306 ἡμερῶν
1127 2254 1233 2294 ὁδόν.
1265 2252 1503 2294 BLOMF.

206 2330 306 2375 504.
327 2320 496 2377 δεκάτῳ]
519 2320 681 2363 δεκάτου
703 2321 927 2373 Stanleius,
949 2321 1065 2378 quod
1093 2320 1232 2362 minus
1254 2319 1528 2377 AEschyleum
1550 2331 1624 2362 est.

150 2388 313 2429 Locum
345 2387 534 2430 imitatur
562 2399 709 2431 auctor
738 2389 895 2431 fabulae
917 2388 1248 2446 Agamemnonis
1268 2404 1365 2446 quae
1396 2389 1524 2445 vulgo
1550 2389 1623 2430 Se-

148 2469 261 2497 necae
280 2455 447 2498 dicitur.
479 2457 714 2498 BLOMF.

205 2536 306 2578 5¹1.
348 2524 488 2581 ἦλθες]
541 2526 816 2568 Scribendum
859 2525 965 2578 ἧσθ’,
999 2535 1046 2567 ut
1086 2534 1317 2566 correctum
1354 2525 1394 2565 in
1438 2526 1623 2582 margine

149 2590 341 2633 Askevii.

203 2671 306 2715 512.
345 2661 612 2718 κᾶπαγῶνιος]
653 2663 690 2704 Ι.
721 2679 757 2705 e.
792 2664 856 2704 καὶ
891 2663 1129 2716 ἆπαγώνιος,
1167 2662 1391 2703 certamine
1429 2661 1620 2703 liberans.

149 2727 234 2768 Per
253 2726 460 2783 ἇπόμαχος
478 2730 660 2787 explicat
681 2730 911 2772 scholiasta.
957 2730 1020 2771 καὶ
1041 2730 1240 2782 παγῶνιος
1267 2730 1334 2770 Fl.
1381 2730 1623 2783 κᾶναγῶυιος

147 2795 323 2851 conjecit
360 2797 585 2853 Spanhem.
621 2797 676 2839 ad
707 2797 927 2854 Aristoph.
968 2796 1035 2838 Pl.
1067 2799 1191 2838 1162.
1225 2798 1460 2839 BLOMF.
1515 2799 1621 2840 Scri-

146 2862 331 2905 bendum
364 2865 608 2919 κᾶναγώνιος
628 2879 722 2906 cum
755 2864 1022 2922 Spanhemio‚
1045 2864 1120 2906 nisi
1141 2863 1236 2921 quis
1254 2864 1466 2921 vulgatam
1490 2867 1617 2923 scrip-

147 2941 284 2973 turam
315 2947 392 2989 pro
422 2933 486 2975 καὶ
514 2934 732 2987 ἐπαγῶνιος
757 2932 943 2990 accipere
974 2933 1086 2986 velit,
1108 2932 1312 2990 adjectivo
1335 2933 1504 2976 aliunde
1537 2950 1618 2976 non

843 3026 924 3068 3Α
