1962 3224
512 183 603 223 AD
634 182 1170 224 AGAMEMNONEM.
1490 183 1576 226 347

168 292 263 334 180.
285 292 377 333 181.
398 300 440 333 et
457 292 552 333 188.
570 291 665 347 189.
683 291 726 332 in
750 305 880 332 unum
903 305 1068 332 versum
1088 291 1383 348 conjungendi.

168 359 262 402 182.
282 358 478 411 δαιμόνων
495 358 541 400 δέ
558 375 635 400 που
654 357 784 413 χάρις]
803 359 929 400 Jovis
942 359 1097 415 gratia
1116 373 1150 399 s.
1173 360 1342 399 donum.
1377 358 1512 400 SCH.

167 425 261 481 183.
284 425 417 479 σέλμα
436 425 599 481 σεμνόν]
628 426 877 467 Venerabile.
935 425 1004 466 De
1024 425 1193 482 regibus
1213 425 1389 466 dictum.
1420 425 1572 481 Eurip.

106 492 314 534 Androm.
339 503 433 547 700.
466 494 612 545 Σεμνοὶ
631 493 664 535 δ”
685 494 730 535 ἐν
749 494 890 548 ἀρχαῖς
906 493 1057 544 ἥμενοι.
1089 491 1281 548 Choeph.
1305 501 1404 547 973.
1427 492 1573 543 Σεμνοὶ

104 561 182 613 γὰρ
201 559 306 611 ἦσαν
326 561 371 602 ἐν
390 559 545 614 θρόνοις
563 559 644 602 τόθ’
665 561 814 613 ἥμενοι.
847 559 1055 602 Herodot.
1079 572 1117 608 2,
1141 570 1234 616 173.
1263 561 1312 601 σὲ
1343 561 1419 613 γὰρ
1453 559 1574 614 ἔχρην

105 627 150 668 ἐν
171 625 297 682 θρόνῳ
324 629 456 684 σεμνῷ
486 628 638 680 σεμνὸν
658 627 870 679 θωκέοντα,
903 626 950 668 δι’
971 626 1115 681 ἡμέρης
1143 627 1341 680 πρήσσειν
1370 629 1420 670 τὰ
1449 628 1572 682 πρήγ-

102 710 220 745 ματα.
254 694 489 736 BLOMF.

159 763 318 817 βιαίως]
340 764 460 815 βιαίω
483 763 594 805 Rob.
624 764 757 815 βίαιος
777 763 917 804 Turn.

165 830 259 884 184.
288 831 355 872 καὶ
382 828 462 872 τόθ’
482 830 714 886 ἡγεμὼν-]
738 829 1006 872 Constructio
1033 829 1183 871 horum
1207 829 1428 872 verborum
1458 846 1572 872 resu-

102 897 232 940 mitur
250 914 291 939 v.
315 910 410 953 205.
431 898 532 949 ἄναξ
554 896 584 939 δ’
604 899 629 939 ὁ·
645 898 826 951 πρέσβυς
844 896 922 939 τότ’
945 897 1031 939 εἶπε
1051 901 1280 951 φωνῶν--.
1313 898 1447 939 SCH.

160 965 180 1004 ὁ
194 963 390 1020 πρέσβυς]
410 965 560 1020 Mcy'or
573 971 694 1006 natu.
726 965 847 1006 Infra
862 977 956 1020 205.
974 966 1073 1017 ἄναξ
1089 967 1111 1006 ὁ
1126 965 1318 1019 πρέσβυς.
1336 966 1570 1009 BLOMF.

103 1030 330 1073 Scholiasta
348 1033 489 1084 μείζων
506 1034 583 1086 γὰρ
607 1033 936 1089 (Agamemnon)
961 1033 1192 1075 Μενελάου.

163 1099 212 1139 18
214 1108 256 1153 5.
276 1097 495 1156 Ἀχαϊκῶν]
521 1099 795 1141 Scribendum
814 1098 1031 1154 Ἀχαιικῶν
1050 1115 1146 1142 cum
1170 1100 1238 1143 Fl.
1261 1102 1315 1142 T.
1333 1101 1434 1143 Ald.
1454 1103 1567 1144 Rob.

101 1164 197 1206 Vid.
219 1165 273 1206 ad
294 1165 447 1222 Eurip.
470 1167 640 1208 Hecub.
663 1167 759 1220 287.

162 1231 256 1284 187.
277 1232 473 1283 ἐμπαίοις]
500 1233 675 1276 ἑκπαίοις
694 1232 799 1275 Ald.
852 1234 937 1275 Per
957 1234 1222 1286 ἐμπεσούσαις
1240 1234 1420 1291 explieat
1439 1234 1565 1277 schol.

155 1299 328 1355 τύχαισι]
348 1300 484 1354 τύχαις
503 1299 569 1342 Fl.
600 1301 741 1355 τύχεσι
762 1300 866 1343 Ald.
889 1316 942 1343 ex
963 1317 1050 1358 quo
1071 1303 1210 1343 Turn.
1241 1303 1394 1357 τείχεσι
1413 1302 1522 1344 fecit.

155 1365 381 1421 συμπνέων]
403 1366 594 1419 συμπνέει
611 1368 666 1410 Τ.
688 1382 771 1409 non
793 1368 1001 1411 intellecta
1020 1369 1149 1426 hujus
1164 1369 1322 1427 periodi
1343 1379 1566 1422 structura,

97 1433 152 1476 de
169 1449 257 1490 qua
275 1449 315 1475 v,
336 1433 391 1475 ad
410 1449 450 1474 v.
469 1434 562 1488 184.

159 1502 254 1543 188.
284 1502 432 1557 ἀπλοίᾳ
462 1502 667 1558 κεναγγεῖ]
690 1503 728 1544 Ι.
749 1517 783 1544 e.
806 1517 971 1544 omnem
1000 1503 1246 1546 absumente
1268 1514 1563 1558 commeatum,

96 1568 237 1610 omnia
257 1583 354 1610 vasa
371 1577 612 1612 evacuante.
634 1571 938 1612 ABRESCH.

152 1637 375 1690 βαρύνοντο
413 1637 468 1679 ad
507 1652 728 1679 numerum
768 1637 1018 1694 singularem
1055 1638 1232 1680 nominis
1265 1638 1465 1680 collectivi
1497 1654 1563 1680 re-

95 1702 244 1746 latum.

157 1771 253 1825 189.
271 1769 473 1826 Ἀχαϊκὸς]
501 1770 775 1813 Scribendum
795 1771 1000 1826 Ἀχαιικὸς
1020 1788 1072 1814 ex
1093 1772 1197 1815 Ald.
1220 1774 1331 1816 Rob.
1355 1774 1492 1816 Turn.

158 1850 251 1892 190.
273 1838 378 1892 ἔχων
398 1853 480 1879 non
501 1838 752 1895 interpretor
770 1853 865 1880 cum
888 1838 1105 1880 scholiasta
1134 1839 1338 1894 ἐχόμενος,
1358 1847 1559 1891 retentus,

94 1905 210 1960 quod
228 1906 316 1947 fieri
337 1921 419 1948 non
439 1915 576 1962 potest
594 1921 670 1963 per
690 1921 812 1948 usum
840 1906 1053 1962 loquendi,
1075 1907 1148 1948 sed
1170 1908 1280 1962 ἔχειν
1298 1918 1361 1950 est
1380 1909 1422 1950 h.
1439 1908 1467 1950 l.
1488 1910 1562 1951 Ῐια-

93 1972 240 2023 bitare,
260 1973 401 2029 aliquo
419 1974 504 2014 loco
523 1973 689 2029 degere,
708 1974 969 2014 commorari.
1003 1973 1133 2014 SCH.

157 2052 247 2094 191.
268 2041 540 2094 παλιρρόθοις]
566 2040 817 2096 Epithetum
847 2040 1015 2081 minime
1035 2040 1227 2082 otiosum.
1290 2041 1443 2097 Euripi
1464 2041 1562 2083 reci-

93 2106 350 2162 procationes
382 2110 500 2163 (quae
530 2123 595 2163 ap.
629 2107 765 2149 Strab.
797 2121 838 2162 9.
869 2123 910 2164 p.
940 2121 1042 2163 403.
1073 2109 1222 2165 septies
1249 2109 1437 2164 quotidie
1470 2109 1560 2150 fieri

93 2177 335 2229 narrantur)
362 2174 405 2215 in
433 2173 700 2231 proverbium
728 2174 929 2216 abierant.
990 2175 1087 2216 Vid.
1111 2175 1300 2232 Hesych.
1321 2175 1364 2216 in
1385 2191 1424 2218 v,
1446 2178 1560 2230 Εὔρι-

92 2256 179 2284 πος.
211 2242 443 2283 BLOMF.

154 2318 248 2361 192.
278 2307 397 2349 πνοαὶ
425 2307 503 2350 ἀπὸ
532 2308 768 2361 Στρύμονος,
802 2309 918 2350 Venti
939 2309 1152 2351 Boreales.
1213 2308 1409 2364 Anglice‚
1434 2308 1559 2351 Gales

81 2373 204 2427 from
223 2373 290 2415 the
308 2374 372 2415 N.
394 2375 452 2416 E.
476 2374 686 2416 interdum
713 2374 813 2416 dicti
843 2376 1081 2429 Στρυμονίαι
1110 2377 1264 2429 ἄνεμοι.
1285 2377 1494 2420 Herodot.
1515 2377 1557 2429 8,

95 2440 190 2482 118.
221 2442 407 2484 πλόοντα
441 2442 486 2484 δέ
517 2460 587 2495 μιν
617 2443 766 2495 ἄνεμον
800 2444 1045 2496 Στρυμονίην
1078 2444 1303 2496 ὑπολαβεῖν
1335 2443 1465 2498 μέγαν
1494 2445 1559 2486 καὶ

92 2510 294 2561 κυματίην.
316 2508 390 2550 ubi
408 2509 493 2551 vid.
515 2509 713 2552 Larcher.
735 2509 898 2552 Gallim.
921 2511 980 2552 H.
1003 2509 1099 2553 Del.
1122 2512 1190 2552 26.
1218 2512 1459 2564 Στρυμονίου
1480 2516 1555 2554 Βο-

89 2574 201 2628 ρέαο.
232 2574 467 2616 BLOMF.

152 2655 248 2698 194.
270 2643 473 2697 δύσορμοι]
499 2643 556 2682 In
570 2650 701 2697 portu
722 2646 833 2685 male
852 2644 1095 2686 detinentes.
1127 2646 1359 2687 BLOMF.

150 2724 244 2769 195.
265 2717 367 2756 νεῶν
385 2729 430 2754 τε
450 2713 514 2754 καὶ
534 2714 760 2755 Porsonus.
792 2717 898 2755 ναῶν
914 2714 978 2755 καὶ
996 2713 1106 2756 libri.
1168 2715 1374 2764 Mettum,

489 2809 1158 2863 υ-(υ-,υ-ῑυ--,υ-ὐ--

149 2914 249 2954 νεῶν
267 2927 311 2953 τε
331 2911 395 2952 καὶ
414 2909 641 2962 πεισμάτων
656 2911 853 2966 ἀφειδεῖς]
875 2912 1007 2954 Recte
1021 2922 1161 2954 monet
1178 2912 1395 2956 scholiasta
1411 2914 1556 2972 respici

759 2993 786 3017 x
808 2994 836 3019 x
860 2990 883 3017 2
