1962 3224
384 198 469 241 546
853 200 1350 243 ANNOTATIONES

441 311 701 366 φρενοδαλής]
722 313 955 364 φρενοδαλίς
975 312 1116 354 Guelf.
1140 314 1273 354 Turn.
1298 312 1440 368 Steph.
1471 311 1686 364 φρενοδαής
1706 312 1802 352 Par.

438 391 537 433 344.
558 378 691 432 ὕμνος]
710 379 841 429 ὕμνοις
860 380 956 420 Par.
978 378 1118 420 Guelf.
1204 417 1209 419 s

437 443 641 499 Ἐρινύων]
661 444 875 497 Ἐριννύων
895 446 1030 487 Turn.
1053 445 1192 501 Steph.

436 513 532 566 346.
555 512 604 552 V.
624 511 676 551 ad
696 526 733 550 v.
756 525 854 566 333.

436 587 532 631 347.
555 578 646 628 ἁμὶν
666 579 886 618 Porsonus.
916 580 1008 628 ἁμῖν
1028 577 1133 619 libri.

435 656 531 697 349.
553 643 756 684 ἀθανάτων
776 645 806 683 δ’
827 643 989 696 ἀπέχειν
1008 643 1140 698 χέρας]
1159 643 1394 696 Scholiasta,
1408 645 1460 695 μὴ
1475 643 1703 696 πλησιάζειν
1716 645 1813 695 ἡμᾶς

378 714 459 752 τοῖς
479 713 592 752 θεοῖς.

433 789 457 830 3
462 786 530 831 51.
552 777 765 827 συνδαίτωρ
787 777 922 816 Turn.
948 776 1087 831 Steph.
1112 777 1309 829 συνὸάτωρ
1329 778 1396 817 Μ.
1419 777 1521 818 Ald.
1544 777 1651 818 Rob.
1684 779 1813 818 Recte

376 845 583 896 ξυνδαίτωρ
606 845 824 884 Porsonus.

431 921 527 963 352.
549 922 643 965 353.
671 909 731 949 Hi
752 923 892 949 versus
911 908 952 949 in
983 924 1112 950 unum
1143 910 1417 966 conjungendi
1447 910 1681 966 pariterque
1710 910 1812 951 anti-

375 975 581 1030 strophici.
638 977 789 1017 Versus
809 992 858 1016 ex
880 976 1044 1017 duobus
1063 976 1312 1032 compositus
1332 976 1523 1018 trimetris
1541 976 1750 1032 dactylicis
1767 977 1810 1017 in

373 1041 634 1097 bisyllabum,
653 1042 679 1075 -ί
699 1042 743 1093 2,
762 1042 833 1083 -ὐ
853 1059 879 1083 0
898 1067 927 1074 —-
946 1042 1207 1094 011-':,-'o
1226 1064 1253 1083 υ
1273 1067 1302 1073 -
1321 1066 1359 1083 υ.

430 1119 454 1161 3
458 1119 527 1162 52.
547 1106 798 1159 παλλεύκων]
821 1107 1051 1149 πανλεύκων
1073 1111 1138 1150 Μ.
1163 1108 1258 1150 Ald.

428 1182 526 1226 353.
557 1172 723 1224 ἄκληρος
750 1171 894 1213 inutile
923 1173 975 1213 ad
1001 1175 1254 1226 sententiam,
1276 1175 1544 1229 perniciosum
1575 1183 1704 1215 metro
1733 1184 1808 1225 est,

372 1238 437 1279 cui
472 1239 769 1280 accommodari
807 1247 941 1295 potest
976 1240 1007 1281 si
1039 1242 1196 1294 ἄμοιρος
1230 1241 1372 1294 κλήρου
1403 1242 1566 1295 ἐτύχθην
1597 1240 1809 1282 scribatur.

374 1305 455 1345 Sed
489 1305 743 1346 verisimilius
776 1305 939 1347 videtur
978 1307 1144 1360 ἄκληρος
1180 1323 1231 1348 ex
1269 1307 1508 1363 glossemate
1542 1306 1806 1362 adscriptum,

370 1373 715 1426 quemadmodum
740 1373 975 1430 Hesychius
994 1374 1145 1426 ἄμοιροι
1164 1389 1236 1429 per
1263 1375 1424 1426 ἄκληροι
1449 1372 1640 1428 explieat,
1666 1373 1809 1429 genui-

369 1452 466 1479 num
487 1440 691 1495 expulisse
713 1440 970 1488 vocabulum,
992 1441 1104 1496 quod
1124 1442 1295 1482 fortasse
1312 1442 1437 1492 μούνα
1456 1440 1550 1480 fuit.

424 1515 523 1560 355.
541 1508 636 1561 356.
654 1517 694 1548 et
708 1519 806 1563 357.
822 1509 920 1562 358.
937 1508 976 1548 in
999 1508 1084 1549 duo
1103 1508 1367 1550 contrahendi
1389 1505 1627 1556 tetrametri,
1646 1514 1684 1547 et
1706 1506 1809 1547 anti-

369 1573 563 1628 strophici
582 1575 679 1628 368.
701 1577 798 1628 369.
819 1584 857 1615 et
879 1588 974 1630 370.
995 1587 1092 1630 371.

424 1651 521 1694 355.
543 1641 656 1694 ὅταν]
681 1641 734 1681 ὅτ’
757 1641 805 1683 ἂν
826 1643 892 1683 Μ.
917 1643 1024 1683 Rob.

422 1704 554 1758 Ἀρης,
576 1708 736 1750 τιθασὸς
755 1708 824 1763 ὢν]
847 1708 889 1748 h.
910 1724 945 1749 e.
967 1710 1005 1749 si
1025 1711 1117 1765 quis
1133 1722 1369 1764 percussor,
1390 1721 1472 1747 non
1486 1709 1609 1762 justo
1628 1708 1673 1747 in
1693 1707 1806 1756 bello,

366 1773 438 1813 Sed
465 1787 559 1813 cum
582 1777 847 1830 propinquus
876 1778 945 1826 sit,
964 1789 1015 1816 ex
1043 1776 1226 1824 insidiis,
1245 1775 1539 1830 propinquum,
1560 1775 1627 1814 cui
1646 1775 1806 1814 amicus

366 1852 451 1879 esse
484 1839 663 1890 debebat,
697 1841 897 1882 occiderit.
958 1843 1094 1892 Quare
1132 1856 1213 1882 non
1248 1855 1352 1896 opus
1385 1850 1446 1881 est
1479 1839 1525 1880 ὃν
1556 1841 1677 1892 φίλον
1710 1855 1803 1881 cum

369 1905 547 1946 Stanleio
579 1906 804 1948 emendare.
866 1909 973 1948 Nam
1006 1907 1047 1948 in
1074 1907 1197 1960 Ἀρης
1223 1907 1384 1949 τιθασὸς
1411 1907 1538 1948 hostis
1566 1907 1806 1947 domesticus

369 1973 626 2028 (metaphora
663 1988 688 2014 a
725 1973 928 2014 cicuribus
966 1974 1223 2022 animalibus,
1255 1988 1350 2029 quae
1384 1973 1495 2014 domi
1533 1973 1700 2013 aluntur
1736 1987 1806 2028 pe-

366 2039 453 2089 tita,
484 2054 611 2094 quare
644 2040 803 2083 τίθασος
837 2051 944 2081 recte
978 2055 1070 2096 exp.
1108 2040 1339 2081 scholiastes
1368 2042 1518 2089 οἰκεῖος,
1552 2040 1687 2092 φίλος)
1716 2039 1803 2094 jam

364 2107 470 2147 inest
508 2106 747 2161 significatio
785 2106 908 2147 animi
946 2107 1102 2148 hostilis
1140 2107 1332 2148 adversus
1370 2121 1479 2156 eum,
1515 2106 1557 2146 in
1596 2120 1717 2161 quem
1750 2106 1805 2146 ob

366 2173 701 2214 necessitudinem
745 2174 853 2215 mitis
890 2185 931 2216 et
969 2175 1063 2231 pius
1100 2190 1185 2215 esse
1223 2174 1409 2215 debebat.
1443 2178 1446 2180 ’
1482 2172 1611 2214 Simili
1649 2173 1805 2214 ratione

365 2241 520 2295 Agam.
563 2256 600 2280 v,
642 2251 762 2295 1235.
805 2241 1024 2296 AEgisthus
1071 2241 1221 2283 dicitur
1267 2241 1371 2282 λέων
1416 2241 1576 2282 ἄναλκις
1618 2237 1802 2292 οἷκονρςό.

367 2306 497 2347 SCH.

420 2373 579 2416 τιθασὸς
608 2374 828 2414 Porsonus.
861 2376 1020 2417 τίθασος
1050 2372 1190 2414 Guelf.
1222 2374 1358 2413 Turn.
1388 2373 1573 2415 τίθασσος
1603 2371 1711 2413 Rob.
1742 2389 1804 2414 πι-

365 2439 487 2488 θασὸς
508 2440 573 2480 Μ.
603 2440 770 2483 πίθασος
789 2439 893 2480 Ald.
918 2439 1062 2495 Steph-

419 2519 443 2560 3
447 2508 517 2560 56.
538 2505 676 2560 φίλον]
697 2506 815 2558 φίλος
835 2506 900 2546 Μ.
923 2505 1030 2546 Rob.

418 2582 516 2627 357.
544 2571 607 2613 ἐπὶ
626 2572 707 2619 τὸν,
733 2571 779 2626 ὦ]
802 2573 985 2615 ε’πιτόνως
1005 2572 1140 2611 Turn.
1200 2571 1330 2611 Recte
1349 2571 1575 2622 scholiasta,
1598 2574 1660 2613 διὰ
1677 2572 1802 2623 μέσου

361 2637 406 2678 τὸ
428 2639 470 2678 ὦ.

417 2705 514 2759 358.
536 2703 639 2760 ὄνθ’]
665 2704 935 2745 Scribendum
958 2706 1054 2745 ὄντα
1072 2721 1144 2756 περ
1165 2718 1258 2745 oum
1282 2705 1533 2745 Hermanno.

418 2771 519 2821 ὅμως
540 2769 765 2811 Arnaldus.
797 2772 938 2822 ὁμοίως
956 2770 1061 2812 libri.

417 2849 512 2890 359.
543 2836 608 2889 ὑφ’
633 2835 715 2889 (ἐφ’
738 2838 856 2890 Par.)
879 2838 1038 2889 αἵματος
1058 2837 1164 2892 νέου]
1187 2837 1322 2879 Verba
1341 2837 1394 2878 ab
1414 2836 1700 2892 interpolatore
1726 2837 1799 2878 ad-

352 2901 489 2956 jecta:
527 2903 678 2958 quibus
707 2903 849 2944 deletis
881 2913 1079 2959 quattuor
1110 2903 1357 2959 syllabarum
1392 2903 1537 2944 lacuna
1570 2902 1798 2944 indicanda.
