1962 3224
313 180 398 221 502
785 179 1279 222 ANNOTATIONES

425 289 470 331 τὸ
489 290 563 342 μὲν
580 293 744 343 γυναῖκα
761 293 913 342 πρῶτον
932 290 1095 343 ἄρσενος
1113 291 1204 343 δίχα

425 357 543 409 ἧσθαι
563 360 693 409 δόμοις
712 357 864 410 ἔρημον,
887 357 1085 411 ἔκπαγλον
1104 357 1233 398 κακόν.
1265 357 1393 398 SCH

371 436 467 479 924.
488 425 573 477 ὅρα,
593 425 780 480 φύλαξαι]
802 425 951 481 Eurip.
974 423 1066 480 Iph.
1085 426 1142 465 T.
1156 426 1223 477 67.
1242 422 1518 465 aWellauero
1536 402 1743 477 οοῐῃρειτα-

316 500 397 541 tus,
428 492 514 544 ὅρα,
543 490 766 544 φυλάσσου,
797 491 850 543 μή
882 508 939 534 τις
966 493 1010 532 ἐν
1040 492 1164 546 στίβῳ
1197 494 1362 543 βροτῶν.
1408 488 1569 543 φυλάξω
1602 488 1741 529 Guelf.

314 558 417 599 Ald.
439 559 573 599 Turn.

371 626 505 682 κύνας]
541 625 713 666 Furias.
765 625 853 665 Cur
885 623 941 664 sic
976 623 1096 665 dictae
1132 623 1287 664 fuerint
1323 623 1423 678 ipsae
1457 621 1660 664 declarant
1698 621 1739 662 in

313 693 440 734 Eum.
470 692 564 744 246.
594 690 983 743 Τετραυματισμένον
1010 691 1086 743 γὰρ
1120 690 1169 733 ὡς
1196 690 1294 730 κύων
1320 689 1477 742 νεβρὸν,
1508 688 1617 741 Πρὸς
1649 690 1743 739 αἷμα

314 759 378 800 καὶ
410 757 640 811 σταλαγμὸν
670 757 969 809 ἐκμαστεύομεν.
1021 755 1171 811 Eurip.
1205 755 1275 796 El.
1314 768 1434 810 1349.
1470 756 1585 799 κύνας
1621 755 1742 796 Τάσδ’

314 825 549 878 ἀποφεύγων
595 822 717 877 στεῖχ’
768 821 826 864 ἐπ’
862 822 1050 873 Ἀθηνῶν.
1110 822 1314 863 Stanleius
1361 821 1549 872 contulit,
1596 830 1746 877 praeter

314 891 491 932 Electrae
510 879 659 940 locum,
679 891 812 931 Orest.
835 902 858 931 2
859 899 885 944 5
889 902 931 943 5.
949 899 989 930 et
1010 888 1193 945 Hesych.
1211 890 1346 930 Kvo5v:
1363 912 1419 919 -
1431 890 1468 929 οἱ
1493 889 1536 929 δὲ
1555 888 1625 939 τὴν
1642 889 1745 941 Ἐρι-

314 959 398 1000 νύν.
449 956 602 998 Confer
634 954 814 996 Brunck.
842 956 894 995 ad
926 955 1115 1010 Sophocl.
1147 955 1248 996 OEd.
1281 956 1335 996 T.
1367 968 1463 1010 391.
1492 954 1642 1011 Eurip.
1672 954 1743 996 El.

318 1025 438 1066 1261.
461 1023 598 1064 Δειναὶ
618 1023 660 1063 δὲ
682 1024 818 1074 Κῆρες,
840 1023 881 1063 αἱ
900 1023 1105 1065 κυνώπιδες
1125 1023 1223 1063 θεαί.
1256 1022 1483 1064 BLOMF.

371 1091 468 1146 926.
501 1089 635 1130 Schol.
661 1089 870 1141 παροιμίαν
899 1087 997 1129 εἶναι
1023 1092 1134 1129 τοῦτο
1164 1089 1275 1142 φασὶ,
1302 1089 1399 1141 πρὸς
1425 1090 1573 1141 τύμβον
1599 1090 1746 1130 κλαίειν

314 1158 377 1199 καὶ
395 1156 489 1210 πρὸς
508 1157 629 1208 ἄνδρα
648 1155 798 1206 νήπιον.
829 1155 899 1196 ubi
921 1170 996 1211 pro
1016 1156 1078 1196 καὶ
1097 1154 1316 1210 legendum
1335 1155 1467 1208 ἤγουν.
1498 1156 1724 1197 BLOMF.

371 1236 466 1279 927.
497 1223 662 1275 σούρίζει
684 1222 725 1275 (i.
747 1237 781 1263 e.
805 1239 870 1263 σοι
895 1222 1026 1274 ὁρίζει)
1056 1220 1276 1262 Elmsleius
1304 1221 1357 1263 ad
1387 1222 1600 1278 Euripidis
1630 1222 1745 1263 Med.

313 1300 383 1346 57.
406 1291 447 1330 σ’
467 1290 582 1342 ὁρίζει
600 1287 705 1329 libri.

372 1369 469 1411 929.
499 1355 540 1410 ἦ]
562 1354 716 1396 Orestis
742 1369 888 1395 nomen
912 1363 1020 1396 recte
1047 1355 1264 1411 praefixum
1291 1355 1332 1396 in
1358 1356 1470 1397 libris
1490 1355 1594 1397 male
1611 1355 1746 1397 omisit

318 1423 534 1472 Stanleius,
551 1436 631 1463 non
653 1421 946 1472 animadverso,
962 1422 1074 1477 quod
1091 1422 1191 1463 vidit
1207 1421 1483 1473 Wellauerus‚
1504 1438 1633 1464 unum
1654 1432 1744 1480 post

314 1489 403 1530 haec
423 1489 548 1530 verba
566 1487 760 1529 excidisse
779 1502 956 1538 versum,
978 1488 1051 1543 qui
1069 1488 1150 1529 fuit
1170 1488 1506 1545 Clytaemnestrae.

373 1568 470 1610 930.
491 1559 570 1596 ΟΡ.
595 1554 797 1596 Stanleius
826 1558 910 1595 KA.
931 1554 1036 1596 libri.

373 1621 507 1665 ἔκανές
525 1620 561 1675 γ’
583 1621 802 1662 Heathius.
846 1621 959 1664 κάνες
983 1622 1018 1674 γ’
1038 1622 1102 1662 Μ.
1126 1621 1265 1664 Guelf.
1287 1623 1397 1663 Rob.
1421 1623 1563 1678 Steph.
1609 1622 1680 1664 κᾶν
1707 1624 1747 1667 ἐς

316 1688 351 1742 γ’
373 1688 475 1730 Ald.
507 1687 578 1742 κᾷν
599 1690 640 1731 ἐς
659 1688 696 1741 γ’
717 1689 852 1728 Turn.

370 1754 491 1810 πάθε]
517 1755 597 1795 His
615 1754 733 1795 dictis
751 1755 860 1795 intro
878 1754 1058 1810 abripuit
1077 1763 1247 1796 matrem
1263 1756 1439 1803 Orestes,
1456 1764 1502 1797 ut
1517 1771 1604 1797 eam
1626 1771 1749 1812 super

316 1821 500 1877 AEgisthi
519 1820 713 1862 cadavere
733 1821 968 1870 trucidaret,
989 1821 1042 1862 cf.
1063 1836 1102 1863 v.
1125 1834 1219 1877 904.
1272 1822 1403 1863 Simul
1431 1822 1506 1864 hac
1535 1831 1622 1864 arte
1640 1823 1747 1864 cavit

316 1887 555 1944 AEschylus‚
575 1903 625 1928 ne
646 1897 916 1943 spectatorum
938 1887 1064 1928 oculis
1082 1887 1326 1944 objiceretur
1344 1889 1434 1930 dira
1453 1890 1592 1931 matris
1616 1890 1748 1932 caedes

315 1953 388 1995 filii
407 1953 594 1994 manibus
615 1962 858 2008 perpetrata.
891 1954 1021 1994 SCH.

373 2034 468 2076 931.
489 2025 562 2062 Χο.
588 2021 722 2061 Turn.
747 2020 889 2076 Steph.
917 2021 1003 2074 'Op.
1024 2021 1125 2062 Ald.
1147 2022 1256 2063 Rob.
1276 2030 1317 2063 et
1334 2027 1409 2063 Χο.
1430 2031 1524 2064 ante
1542 2038 1579 2064 ν.
1601 2033 1695 2078 935.

373 2088 590 2142 στένωμεν]
615 2087 739 2128 στένω
758 2089 832 2139 μὲν
853 2088 992 2129 Guelf.
1014 2088 1115 2129 Ald.
1137 2089 1245 2130 Rob.
1267 2090 1380 2144 quod
1400 2089 1720 2146 praeferendum?

372 2155 506 2210 τῶνδε]
527 2156 640 2196 τόνδε
661 2155 800 2196 Guelf.
823 2155 924 2197 Ald.

373 2236 468 2278 932.
500 2222 722 2277 ἔπήκρισεν]
753 2221 811 2263 ἐπ’
833 2223 951 2275 ἄκρον
973 2222 1083 2274 ἦλθε,
1114 2222 1239 2264 schol.
1284 2223 1468 2277 Hesych.
1487 2222 1744 2276 Ἐπήκρισενε

318 2290 377 2331 ἐπ’
397 2290 515 2342 ἄκρον
534 2289 670 2341 ἤγαγε.
700 2288 814 2332 τέλος
843 2288 1018 2340 ἐπέθηκε.
1063 2288 1285 2344 Euripides
1304 2288 1409 2330 dixit
1430 2289 1471 2329 in
1494 2290 1627 2332 Orest.
1650 2300 1746 2346 275.

315 2357 369 2397 Τί
399 2358 493 2406 δῆτα
524 2354 709 2407 μέλλετ’;
743 2354 944 2407 ἐξακρίζετ’
979 2354 1114 2407 αἰθέρα
1146 2359 1322 2408 Πτεροῖς.
1353 2355 1425 2396 ubi
1456 2356 1580 2397 schol.
1614 2359 1669 2401 εἰς
1698 2359 1748 2398 τᾶ.

316 2423 415 2474 ἄκρα
446 2424 514 2462 τοῦ
547 2420 699 2473 αἰθέρος
728 2422 906 2461 πέτεσθε.
951 2429 992 2462 et
1026 2420 1176 2461 Bacch.
1211 2423 1308 2474 677.
1338 2422 1597 2475 ὑπεξήκριζον,
1629 2425 1750 2466 tacite

315 2503 477 2531 summa
491 2488 763 2543 attingebant,
783 2486 845 2527 vel
860 2500 965 2542 pene
983 2501 1144 2528 summa
1161 2489 1433 2544 attingebant.
1464 2486 1695 2531 BLOMF.

373 2568 470 2610 933.
505 2554 662 2606 τλήμων
689 2553 897 2610 Ὀρέστης]
930 2554 1115 2595 Orestem
1154 2554 1209 2595 sic
1241 2555 1389 2611 passim
1420 2556 1563 2597 audire
1596 2557 1751 2598 notavit

317 2621 582 2664 Abrescbius.
634 2621 833 2662 Horatius
853 2620 956 2661 dixit
977 2622 1110 2662 tristis
1133 2623 1309 2663 Orestes.
1340 2623 1569 2664 BLOMF.

374 2687 598 2742 αἱρούμεθα]
637 2688 844 2739 αἰτούμεθα
879 2702 973 2729 cum
1010 2689 1174 2745 Musgr.
1207 2688 1269 2730 vel
1304 2690 1496 2732 αἰτῶαεθα
1528 2689 1747 2745 legendum

316 2765 432 2813 puto.
463 2755 691 2797 BLOMF.

374 2822 891 2878 935-945=946—954-

375 2890 894 2946 955-961=962-972·
