1962 3224
548 173 639 214 AD
670 168 1202 213 AGAMEMNONEM.
1527 166 1611 210 429

147 287 277 329 δέοιτο
311 287 433 329 etiam
472 284 678 327 Stanleius
710 283 955 338 conjecerat,
987 271 1029 320 (ᾖ
1060 278 1130 329 sic,
1162 277 1227 319 vel
1256 277 1432 329 μέλοιτο,
1466 277 1612 318 Voss.”

147 355 377 397 BLOMF.

208 426 329 467 1660.
359 421 484 479 χολῇ]
508 423 618 477 ’χηλῇ
639 421 707 463 Fl.
730 421 787 462 T.
808 417 923 475 quod
953 415 1123 474 praefert
1142 414 1379 456 Ahrensius
1398 429 1439 471 p.
1463 424 1502 468 7.
1524 412 1608 455 col-

146 493 230 535 lato
249 494 364 535 Pers.
385 502 484 547 507.
506 491 536 532 ὦ
557 489 777 540 δυσπόνητε
797 489 949 538 δαῖμον,
972 485 1023 528 ὡς
1044 484 1150 537 ἄγαν
1170 483 1297 537 βαρὺς
1325 485 1465 524 ποδοῖν
1495 481 1611 534 ἐνήλ-

146 566 220 603 λου
239 561 357 603 παντὶ
375 559 561 614 Περσικῷ
581 557 703 611 γένει.

207 629 333 670 1662.
354 628 496 670 τούσδε
515 626 600 680 μοι]
627 622 901 666 Scribendum
922 619 1052 663 τούσδ’
1075 621 1162 673 ἐμοὶ
1181 634 1278 661 cum
1301 618 1493 661 Stanleio.

203 695 435 751 ἀπανθίσαι]
458 694 662 742 ἀκοντίσαι
682 688 987 733 Wakefieldus.

208 765 330 819 1663.
351 764 536 816 δαίμονος
556 759 842 803 Casaubonus.
875 759 1061 810 δαίμονας
1079 756 1188 798 libri.

208 833 331 884 1664.
352 833 552 884 ἁμαρτεῖν,
573 829 644 871 τὸν
665 827 953 869 casaubonus.
985 828 1207 879 ἆμαρτῆτον
1226 824 1332 866 libri.

205 899 277 940 τὸν
297 901 514 952 κρατοῦντα
531 897 558 923 *
580 897 606 923 *
626 895 669 952 ³³²²]
691 896 908 937 Lacunam
938 893 1092 936 additis
1119 892 1259 935 verbis
1289 891 1320 934 δ’
1350 893 1514 946 ὑβρίσαι
1542 906 1614 933 ex-

146 964 235 1023 plet
255 964 538 1018 Blomfieldus.

209 1034 330 1087 1665.
351 1030 629 1086 προσσαίνειν]
649 1029 882 1083 προσαίνειν
902 1027 969 1070 Fl.
993 1028 1138 1084 Steph.

209 1100 332 1141 1666.
356 1100 488 1140 Hunc
506 1113 673 1139 versum
696 1096 1028 1153 Clytaemnestrae
1048 1095 1196 1137 tribuit
1216 1094 1283 1136 Fl.

207 1167 252 1207 ἐν
289 1165 519 1219 ὑστέραισιν
551 1162 727 1218 ἡμέραις]
760 1162 989 1204 Postmodo.
1024 1161 1154 1218 Angl.
1187 1175 1302 1203 some
1314 1161 1480 1217 future
1512 1161 1612 1219 day.

151 1232 376 1290 Sophocles
403 1232 510 1274 dixit
540 1233 584 1273 ἐν
611 1231 764 1286 ὑστέρῳ
793 1230 925 1285 χρόνῳ
955 1229 1061 1271 OEd.
1093 1228 1185 1271 Col.
1211 1230 1309 1280 641.
1370 1228 1524 1270 Rarior
1552 1238 1614 1271 est

148 1301 263 1358 apud
284 1300 501 1357 scriptores
521 1299 688 1341 Atticos
707 1298 774 1340 hic
795 1313 895 1339 usus
913 1301 992 1339 τῶν
1010 1298 1165 1350 ἡμερῶν
1182 1296 1226 1337 in
1244 1295 1396 1352 plurali
1422 1311 1612 1348 numero,

150 1368 394 1412 Hellenistis
422 1368 674 1410 notissimus.
734 1366 857 1409 Dixit
885 1375 1022 1408 tamen
1057 1365 1333 1422 Thucydides
1355 1374 1397 1418 7,
1422 1378 1493 1421 33.
1524 1366 1615 1420 περὶ

150 1441 220 1482 τὰς
239 1438 358 1481 αὐτὰς
379 1437 540 1491 ἡμέρας,
561 1436 667 1478 sicut
686 1437 745 1477 D.
762 1435 903 1477 Lucas
924 1448 965 1485 2,
986 1448 1023 1476 1.
1056 1436 1101 1476 ἐν
1130 1437 1216 1477 ταῖς
1243 1433 1405 1487 ἡμέραις
1435 1434 1613 1478 ἐκείναις.

150 1505 319 1548 Pindar.
341 1504 408 1548 Ol.
426 1519 463 1556 Ι,
484 1518 554 1562 53.
579 1503 721 1559 ἁμέραι
750 1505 782 1546 δ’
804 1505 1003 1546 ἐπίλοιποι
1031 1501 1222 1557 μάρτυρες
1250 1503 1487 1556 σοφώτατοι.
1520 1503 1612 1544 He-

148 1575 283 1617 rodot.
318 1575 356 1626 8,
382 1587 400 1615 ῐ
405 1585 449 1630 5.
479 1579 564 1619 ταῖς
592 1575 728 1618 αὐταῖς
756 1571 926 1626 ἡμέραις.
960 1571 1161 1628 Xenoph.
1189 1570 1328 1612 Anab.
1348 1584 1386 1622 I,
1410 1580 1450 1624 7,
1469 1583 1537 1623 14.
1569 1572 1615 1612 ἐν

149 1644 307 1687 ταύταις
324 1646 411 1686 ταῖς
428 1641 600 1695 ἡμέραις.
622 1650 671 1683 ut
690 1640 805 1699 apud
828 1640 1003 1682 Latinos
1022 1639 1119 1682 Liv.
1140 1650 1208 1694 23,
1223 1652 1296 1696 30.
1315 1639 1463 1680 iisdem
1466 1639 1615 1695 firme

148 1712 301 1754 diebus.
332 1711 565 1753 BLOMF.

211 1780 333 1821 1668.
366 1780 529 1822 ἐλπίδας
549 1777 818 1832 σιτουμένους]
845 1775 995 1832 Eurip.
1018 1774 1167 1816 Phoen.
1189 1784 1289 1829 407.
1321 1776 1363 1816 αἱ
1392 1772 1424 1815 δ’
1457 1774 1616 1817 ἐλπίδες

149 1849 346 1900 βόσκουσι
374 1845 568 1900 φυγάδας,
599 1847 651 1890 ὦς
679 1848 816 1899 λόγος.
878 1842 1072 1900 Sophocl.
1100 1843 1204 1883 Ant.
1226 1843 1349 1886 1262.
1382 1844 1543 1884 ἐλπίσιν
1572 1844 1615 1885 δὲ

149 1917 364 1968 βόσκομαι.
386 1914 536 1971 Eurip.
559 1913 711 1955 Bacch.
734 1914 831 1968 617.
855 1914 1016 1954 ἐλπίσιν
1036 1910 1067 1952 δ’
1090 1911 1299 1962 ἐβόσκετο.
1331 1911 1564 1952 BLOMF.

212 1985 314 2036 1671
327 2013 338 2023 .
359 1986 518 2035 θαρσῶν
538 1982 764 2022 Porsonus.
797 1984 951 2033 θαρρῶν
968 1978 1076 2020 libri.

208 2050 312 2091 ὥστε
334 2048 555 2091 Stanleius.
585 2049 720 2101 ὥσπερ
739 2047 847 2089 libri.

212 2118 335 2171 1672.
356 2117 480 2172 1673.
513 2117 592 2170 ἐγὼ
620 2125 663 2157 et
693 2119 821 2159 καλῶς
846 2114 888 2156 ἱῐι
908 2113 1024 2155 libris
1042 2112 1192 2155 omissa
1213 2114 1420 2154 Canterus
1439 2121 1481 2154 et
1502 2113 1617 2154 Ηεομ

150 2184 265 2226 thius
298 2183 599 2240 suppleverunt
632 2198 685 2225 ex
718 2182 984 2224 annotatione
1020 2182 1184 2232 Graeca,
1220 2197 1317 2238 quae
1351 2181 1394 2222 in
1429 2181 1616 2239 margine

153 2252 298 2309 Steph.
320 2251 488 2308 legitur,
508 2252 600 2305 ἐγὼ,
622 2252 737 2305 φησὶ,
760 2251 824 2292 καὶ
843 2250 895 2292 σὺ
915 2253 1147 2303 κρατοῦντες
1169 2253 1292 2291 τῶνδε
1319 2253 1398 2291 τῶν
1428 2249 1616 2302 δωμάτων

151 2321 420 2372 διαθησόμεθα
438 2321 487 2360 τὰ
509 2320 594 2360 καθ’
615 2319 754 2362 αὑτοὺς
775 2322 914 2363 καλῶς.
967 2318 1074 2371 Quae
1094 2333 1176 2359 non
1197 2317 1383 2359 sufficere
1402 2318 1455 2359 ad
1476 2317 1614 2359 locum

151 2387 264 2428 hunc
291 2386 657 2443 redintegrandum
688 2386 980 2428 animadvertit
1001 2385 1289 2442 Musgravius,
1318 2385 1392 2441 qui
1422 2385 1613 2442 conjecit,

152 2454 264 2496 τῶνδ’
283 2456 455 2508 ὕλαγμα·
485 2453 598 2497 πάντ’
620 2456 770 2509 ἐγῶ-.
797 2464 839 2495 et
867 2455 1044 2506 ματαίων
1075 2453 1188 2495 haud
1217 2452 1346 2495 dubie
1374 2453 1418 2495 in
1447 2453 1616 2507 μάταιον

153 2520 306 2562 mutari
325 2520 470 2573 voluit,
490 2521 544 2564 de
563 2537 649 2579 quo
667 2531 775 2564 tacet
795 2520 1083 2564 Blomfieldus.
