1962 3224
593 178 683 220 AD
715 175 926 218 CHOEP
953 172 1184 215 HORAS.
1556 165 1641 208 483

198 291 391 346 βακχείας
409 289 550 346 καλῆς]
573 289 768 339 Electrae,
790 297 837 329 ut
856 286 1024 328 videtur
1042 282 1352 341 interpretibus.

200 360 297 416 699.
326 361 533 412 παροῦσαν
559 356 771 411 ἐγγράφει]
807 354 955 397 Lectio
974 352 1135 402 vitiosa,
1157 350 1210 392 ad
1232 364 1358 407 quam
1381 347 1606 405 expedien-

142 425 238 468 dam
259 425 485 468 editoribus
500 425 601 467 nihil
616 423 775 483 profuit
791 423 967 465 obscura
981 420 1194 463 annotatio
1213 418 1456 470 scholiastae,
1472 416 1604 468 τάξον·

145 493 266 545 αὐτὴν
293 494 587 548 ἆφανισθεῖσαν
616 492 706 547 ἀρᾷ.
739 492 790 535 ὡς
818 490 915 544 πρὸς
946 489 991 531 τὸ
1022 489 1135 532 ἐλπίς
1167 486 1198 529 δ’
1232 485 1446 529 ἀπέδωκεν.
1507 490 1536 509 “
1552 485 1606 526 In

144 561 338 615 ἐγγράφει
358 561 483 603 latere
505 560 668 602 videtur
687 559 994 613 ἀναστρέφειν.”
1024 556 1352 599 DOBRAEUS.

191 639 299 684 700.
319 630 389 671 οὖν
409 629 519 671 Rob.
551 628 607 670 ὢν
626 629 692 670 Μ.
716 626 860 669 Guelf.
891 625 921 668 ὦ
942 625 1044 668 Ald.

205 707 301 751 704.
323 697 577 753 δυσσεβείας]
599 696 630 739 δ’
651 695 769 738 addit
790 697 957 738 Portus.

206 767 302 818 706.
334 765 651 818 κατεξενωμένον
679 764 793 807 haud
823 764 942 806 aliter
969 761 1283 820 intelligendum
1312 770 1389 811 est,
1410 774 1536 816 quam
1558 759 1612 800 de

146 833 341 890 hospitio,
360 850 447 891 quo
465 834 603 876 fuerat
623 834 736 891 apud
758 832 1119 890 Clytaemnestram
1142 838 1353 886 exceptus,
1374 827 1488 884 quod
1516 842 1613 868 sane

148 901 352 952 violasset,
380 903 413 943 si
446 913 566 959 grata
599 902 753 959 potius,
789 916 915 958 quam
949 915 1046 942 vera
1076 907 1292 940 narrasset.
1352 898 1463 939 Nam
1496 894 1614 953 quod

150 969 272 1011 etiam
294 969 346 1011 de
369 970 553 1027 Strophii
573 971 753 1028 hospitio
772 969 901 1027 accipi
922 984 1041 1026 posse
1059 976 1182 1025 putat
1202 964 1473 1014 Abreschius,
1496 963 1612 1021 quod

151 1038 312 1088 nuntio,
334 1039 366 1080 si
396 1040 621 1096 peregisset
648 1039 843 1081 mandata
863 1038 916 1080 de
941 1040 1100 1088 Oreste,
1122 1034 1343 1078 revertenti
1369 1049 1417 1076 ac
1446 1047 1614 1089 respon-

151 1121 242 1147 sum
274 1107 465 1149 referenti
496 1108 708 1159 obtulerit,
729 1108 771 1150 id
797 1109 915 1165 justo
944 1105 1137 1147 subtilius
1166 1113 1242 1154 est,
1263 1113 1305 1145 et
1325 1101 1462 1152 altius,
1484 1116 1612 1157 quam

151 1174 282 1227 decet,
303 1176 538 1232 repetitum.
580 1178 777 1219 Ceterum
799 1186 847 1218 ut
865 1175 933 1216 hic
953 1190 977 1216 a
999 1175 1331 1230 Clytaemnestra,
1354 1171 1410 1212 sic
1429 1186 1454 1211 a
1473 1169 1614 1227 paeda-

152 1259 263 1299 gogo
281 1244 542 1301 accipiuntur
561 1245 742 1302 hospites
761 1260 829 1301 ap.
851 1243 1003 1299 Eurip.
1022 1241 1176 1283 Electr.
1194 1256 1233 1282 v.
1249 1253 1274 1295 3
1279 1250 1349 1295 59.
1367 1255 1458 1295 sqq.
1491 1239 1616 1280 Com-

153 1311 364 1368 parandus
384 1311 504 1353 etiam
529 1313 752 1369 Sophocles
772 1314 929 1354 Electr.
950 1327 989 1352 v.
1012 1311 1111 1364 766.
1131 1325 1222 1366 sqq.
1254 1309 1391 1351 SCH.

213 1389 309 1433 707.
330 1380 464 1434 ἀξίως]
500 1379 772 1422 Scribendum
794 1381 914 1432 ἀξίων
933 1393 1029 1421 cum
1061 1377 1246 1420 Pauwio.
1293 1380 1372 1420 τῶν
1399 1394 1466 1418 σοι
1495 1375 1616 1428 ἀξίων

152 1450 275 1499 τιμῶν
291 1446 586 1504 interpretatur
606 1448 833 1490 scholiasta.

212 1524 308 1570 709.
321 1514 533 1572 ἀγγελῶν]
556 1516 768 1570 ἀγγέλλων
788 1516 899 1558 Rob.

213 1595 309 1637 710.
323 1584 513 1637 ῆμερεύω,
536 1585 623 1626 Per
643 1586 752 1626 diem
771 1585 934 1642 aliquid
949 1586 1080 1640 facio.
1132 1584 1420 1626 Antiatticista
1438 1598 1505 1640 ap.
1526 1581 1614 1624 Vil-

154 1650 297 1692 loison.
330 1651 493 1694 Anecd.
523 1653 600 1694 Gr.
635 1653 713 1694 vol.
744 1665 782 1694 2.
817 1668 855 1709 p.
881 1655 947 1695 80.
981 1654 1068 1695 ἀντὶ
1098 1656 1168 1694 τοῦ
1203 1654 1344 1702 εἰπεῖν,
1379 1655 1514 1693 πᾶσαν
1545 1651 1617 1703 τὴν

156 1720 276 1762 νύκτα
303 1721 396 1773 περί
421 1737 458 1762 τι
485 1722 705 1770 ἀναλίσκει,
734 1723 1016 1776 διανυκτερεύει
1044 1723 1136 1775 περί
1160 1739 1197 1763 τι
1234 1721 1414 1775 λέγουσι,
1445 1720 1508 1762 καὶ
1538 1723 1620 1762 δια-

157 1792 332 1841 γρυπνεῖ·
364 1790 462 1830 οὕτω
493 1790 556 1831 καὶ
582 1791 834 1843 διημερεύειν,
858 1791 945 1832 ἀντὶ
969 1794 1037 1831 τοῦ
1057 1793 1193 1831 πᾶσαν
1212 1789 1284 1840 τὴν
1302 1788 1452 1842 ἡμέραν
1472 1789 1565 1843 περί
1581 1805 1619 1830 τι

158 1857 405 1898 ἀναλίσκειν.
453 1857 606 1898 Pollux
629 1858 666 1898 Ῐ.
689 1859 756 1910 64.
780 1858 826 1899 τὸ
852 1857 898 1899 δι’
920 1859 1016 1910 ὅλης
1045 1875 1082 1899 τι
1111 1861 1254 1910 πρᾶξαι
1281 1857 1427 1910 ἡμέρας
1456 1858 1616 1910 ἡμερεῦ-

160 1941 247 1974 σαι,
272 1925 336 1965 καὶ
365 1927 627 1977 διημερεῢσαι.
666 1926 751 1966 οἷον
778 1926 843 1967 ἐπὶ
868 1930 947 1967 τῶν
974 1928 1193 1978 βαναύσων
1222 1927 1243 1966 ὁ
1272 1924 1446 1966 Πλάτων
1474 1927 1616 1978 εἴρηκε,

161 1991 270 2045 Πρὸς
287 1995 364 2045 πῦρ
382 1993 654 2045 ἡμερεύοντας.
695 1992 892 2034 Similiter
909 1994 1151 2051 Xenophon
1172 1995 1270 2035 OEc.
1286 2006 1330 2047 4,
1354 2005 1392 2036 2.
1426 1992 1620 2049 Sophocl.

161 2059 233 2101 El.
256 2060 354 2114 786.
386 2064 458 2102 νῦν
488 2060 610 2112 ἕκηλά
638 2078 726 2109 που,
748 2065 840 2103 Τῶν
859 2061 968 2113 τῆσδ’
991 2063 1165 2104 ἀπειλῶν
1185 2061 1314 2116 οὕνεχ’
1336 2062 1620 2115 ἡμερεύσομεν.

164 2127 271 2169 Satis
290 2127 394 2169 bene
409 2142 552 2184 margo
568 2127 661 2169 libri
678 2129 955 2181 Mitfordiani‚
978 2135 1007 2155 “
1022 2131 1095 2187 qui
1115 2136 1188 2172 ont
1188 2131 1289 2186 filit
1302 2131 1395 2171 leur
1398 2130 1623 2186 jourrnbeff'

162 2194 369 2237 Notabilis
383 2205 444 2237 est
459 2196 710 2238 constructio
724 2198 982 2251 ἡμερεύοντος
995 2201 1145 2251 μακρᾶς
1164 2198 1364 2240 κελεύθου.
1386 2198 1624 2240 BLOMF.

163 2262 378 2305 Genitivos
397 2278 480 2305 non
499 2274 645 2321 putem
663 2266 750 2322 regi
771 2265 824 2307 ab
844 2267 1059 2319 ἡμερεύειν,
1081 2264 1154 2306 sed
1177 2265 1231 2307 ab
1251 2265 1413 2321 adjecto
1432 2268 1481 2307 τὰ
1500 2269 1624 2319 πρόσ-

163 2336 283 2384 φορα,
304 2340 430 2387 atque
449 2331 750 2375 distinctionem
773 2334 1008 2376 tollendam.
1051 2333 1212 2375 Firmat
1232 2348 1298 2375 me
1318 2333 1359 2374 in
1381 2333 1460 2375 ista
1478 2333 1623 2390 opina·

165 2398 275 2440 tione
303 2399 454 2457 Eurip.
475 2401 576 2443 Hel.
597 2417 633 2444 v.
654 2416 752 2458 515.
785 2403 857 2445 ubi
886 2402 978 2460 pari
1007 2402 1165 2444 ratione
1193 2402 1396 2444 habemus
1424 2405 1474 2444 τὰ
1502 2404 1625 2457 πρόσ-

165 2472 271 2519 φορα
285 2469 351 2518 τῆς
370 2471 441 2509 νῦν
458 2471 658 2522 παρούσης
677 2475 895 2526 συμφορᾶς.
928 2473 1065 2528 Supra
1081 2487 1122 2512 v.
1141 2471 1236 2512 668.
1259 2472 1393 2513 πόνων
1414 2471 1625 2525 θελκτήρια

165 2533 328 2574 dixerat
348 2549 469 2576 sensu
490 2550 571 2577 non
594 2537 771 2579 multum
791 2539 968 2580 diverso.
999 2539 1307 2580 ABRESCH.

223 2611 388 2654 712—7
399 2615 463 2654 14.
492 2601 690 2659 leguntur
718 2605 760 2646 in
793 2607 858 2647 M.
882 2605 1054 2663 Steph.:
1086 2606 1239 2647 absunt
1268 2605 1322 2646 ab
1350 2605 1494 2648 Guelf.
1517 2605 1621 2648 Ald.

167 2669 278 2710 Rob.
302 2669 440 2710 Turn.

223 2748 321 2792 713.
351 2737 611 2792 ὀπισθόπους]
646 2737 943 2780 Hallucinatur
974 2739 1180 2780 Stanleius
1199 2741 1440 2784 ὀπισθόπους
1458 2750 1624 2783 vertens

162 2805 445 2863 pedissequa3‚
465 2805 709 2847 obversante
737 2806 883 2863 opinor
912 2805 1002 2847 loco
1027 2807 1180 2864 Eurip.
1203 2807 1377 2864 Hippol.
1402 2824 1440 2849 v.
1461 2820 1531 2864 54.
1552 2826 1627 2852 πο-

167 2874 240 2917 λὺς
268 2872 331 2925 ἅμ’
354 2874 456 2929 αὐτῷ
486 2875 726 2926 προσπόλων
760 2874 1001 2918 ὀπισθόπους
1027 2878 1151 2926 κῶμος
1178 2875 1341 2924 λέλακε,
1370 2885 1412 2918 et
1441 2891 1480 2917 v.
1502 2888 1623 2933 1179.

169 2943 407 2986 ὀπισθόπους
426 2943 558 2995 φίλων
577 2942 772 2996 ὁμήγυρις.
804 2943 958 2984 Verum
980 2941 1124 2984 eadem
1144 2942 1210 2985 hic
1225 2943 1259 2985 si
1277 2943 1482 2987 obtineret
1501 2943 1627 3003 signi-

868 3022 892 3064 3
918 3024 940 3050 P
963 3022 988 3053 2
