1962 3224
604 173 695 214 AD
725 173 1120 216 EUMENIDES.
1511 175 1594 219 571

191 284 388 340 φλογμὸς]
408 285 476 326 De
494 285 594 327 solis
612 285 846 328 ardoribus.
896 286 998 327 Huc
1017 285 1169 328 referas
1191 285 1359 327 Horatii
1381 285 1462 328 Od.
1484 299 1529 342 3,
1558 301 1596 338 1,

135 353 212 406 36:

473 421 619 462 arbore
638 436 752 462 nunc
770 435 904 478 aquas

307 487 526 544 Culpante‚
547 503 661 530 nunc
681 488 878 530 torrentia
899 504 1030 547 agros

306 554 475 606 Sidera,
496 570 607 598 nunc
628 555 783 598 hiemes
803 557 991 614 iniquas;

134 653 175 685 et
194 644 294 686 ibid.
318 657 386 702 23,
406 656 449 702 5.

308 727 398 767 Neo
418 726 675 783 pestilentem
698 727 845 769 sentiet
865 726 1061 768 Africum

309 794 508 836 Fecunda
526 795 634 846 vitis,
656 811 730 837 nec
750 794 925 837 sterilem
949 810 1064 852 seges

308 862 577 919 Rubiginem.
697 864 949 905 WAKEF.

104 967 142 977 s..

198 975 295 1015 941.
316 963 461 1019 τόπων]
482 964 605 1006 τόπον
624 964 735 1006 Rob.

192 1043 288 1083 944.
330 1032 547 1073 εὐθενοῦντ’
583 1033 853 1088 (εὐσθενοῦντ’
885 1031 987 1073 Ald.
1039 1031 1262 1072 εὐθυνοῦντ’
1299 1031 1432 1084 Rob.)
1473 1033 1597 1088 ἄγαν]

141 1099 272 1139 Recte
292 1099 499 1142 Dobraeus
520 1101 755 1142 εὐθενοῦντα
769 1104 834 1154 γᾶ.
873 1102 1093 1142 Commata
1112 1108 1206 1157 post
1228 1100 1332 1153 ἄγαν
1351 1109 1393 1140 et
1414 1101 1602 1153 ἐμβρύοις

138 1165 365 1208 deleantur.
1360 1183 1367 1186 “

194 1248 291 1290 945.
313 1240 513 1278 διπλοῖσιν
535 1236 756 1279 Stanleius.
787 1240 940 1281 διπλοῖς
959 1236 1066 1279 libri.

196 1304 400 1361 ἐμβρύοις]
425 1305 468 1345 ἐν
487 1305 624 1357 βρύοις
645 1306 708 1346 Μ.

195 1372 295 1424 946.
326 1370 461 1427 γόνος]
494 1373 614 1413 Duas
642 1387 738 1428 quae
768 1371 1012 1414 exciderunt
1046 1371 1224 1430 syllabas
1252 1382 1364 1416 reete
1391 1375 1604 1432 supplevit

141 1437 421 1490 Hermannus,
448 1437 565 1492 γόνος
595 1441 638 1481 δὲ
669 1443 753 1493 γᾶς,
787 1454 884 1496 quae
916 1440 1043 1481 verba
1076 1439 1129 1481 de
1159 1440 1474 1496 argentifodinis
1506 1449 1604 1482 sunt

140 1503 403 1562 intelligenda
435 1507 705 1549 Laureoticis.
766 1507 928 1548 Eodem
963 1517 1120 1564 spectat
1152 1509 1268 1550 Pers.
1299 1509 1396 1564 238.
1432 1509 1604 1562 ἀργύρου

141 1573 244 1626 πηγή
273 1590 330 1617 τις
354 1575 483 1618 αὐτοῖς
504 1575 872 1630 (Atheniensibus)
906 1577 1004 1623 ἐστι,
1039 1575 1237 1628 θησαυρὸς
1275 1575 1434 1630 χθονός.
1482 1575 1604 1630 γόνον

143 1641 279 1683 Turn.
299 1641 630 1698 interpunctione
650 1643 809 1685 Aldina
829 1653 922 1700 post
941 1642 1061 1697 γόνος
1081 1643 1294 1701 deceptus.

197 1710 295 1764 948.
315 1711 411 1767 τίοι]
433 1727 512 1752 τισι
531 1711 616 1753 sine
636 1720 807 1753 accentu
830 1711 932 1753 Ald.
966 1713 1047 1752 τίσι
1063 1711 1177 1752 Rob.

196 1791 293 1833 949.
314 1780 468 1822 πόλεως
487 1779 694 1835 φρούριον]
724 1781 799 1820 Vos
819 1780 938 1821 urbis
957 1779 1143 1821 custodes
1158 1785 1197 1821 et
1210 1779 1428 1836 praes'ides.
1467 1781 1602 1821 Areo-

141 1859 294 1901 pagum
317 1845 554 1902 alloquitur.
590 1848 720 1889 SCH.

197 1923 296 1968 950.
321 1914 389 1968 οἷ’]
414 1915 479 1955 οἶα
499 1915 566 1955 Μ.
588 1914 730 1956 Guelf.
753 1914 855 1955 Ald.

199 1981 412 2033 ἐπικραίνει
430 1981 639 2022 Pauwius.
671 1983 873 2035 ἐπικρανεῖ
888 1981 1006 2023 libri:
1040 1980 1155 2037 quod
1175 1980 1343 2022 defendi
1364 1990 1514 2037 potest.
1552 1979 1632 2045 V.⁴'

140 2048 193 2089 ad
215 2049 369 2104 Agam.
390 2061 514 2103 1340.

199 2117 275 2168 γὰρ
295 2130 376 2156 om.
399 2116 510 2158 Rob.

201 2195 297 2237 951.
313 2183 486 2239 Ἐρινὺς]
510 2184 688 2237 Ἐριννὺς
707 2184 810 2226 Ald.
835 2186 974 2227 Turn.

202 2263 226 2306 9
228 2263 297 2306 54.
319 2252 507 2307 δακρύων]
530 2253 654 2305 κρύων
675 2253 740 2293 Μ.
764 2254 860 2294 Par.
884 2251 1026 2295 Guelf.
1051 2252 1165 2294 Rob.

200 2320 726 2374 956—967=976—987-

201 2387 298 2441 956.
330 2397 427 2442 957.
457 2396 499 2428 et
531 2389 627 2442 961.
655 2390 750 2442 962.
788 2387 1081 2444 conjungendi,
1109 2396 1151 2428 et
1184 2387 1470 2445 antistrophici
1506 2391 1601 2443 976.

145 2465 242 2506 977.
263 2454 359 2507 981.
381 2454 476 2508 982.

202 2521 300 2574 956.
322 2521 482 2576 ἀώρους]
504 2522 642 2574 ἀώροις
661 2522 770 2563 Rob.

203 2587 299 2641 960.
331 2587 432 2628 Post
462 2588 620 2642 ἔχοντες
647 2603 808 2630 comma
837 2598 1029 2645 ponatur.
1062 2590 1157 2641 κύρι’
1179 2590 1341 2643 ἔχοντες
1371 2590 1428 2631 dii
1455 2591 1605 2633 intelli-

144 2664 304 2710 guntur
323 2654 560 2710 nuptiarum
582 2655 788 2711 praesides,

203 2723 301 2776 961.
333 2723 432 2774 θεαὶ,
452 2722 545 2778 τῶν]
571 2722 844 2764 Seribendum
866 2723 956 2764 θεαί
973 2723 1006 2763 τ’
1026 2722 1057 2764 ὦ
1078 2737 1172 2764 cum
1195 2724 1454 2765 Hermanno.
1488 2725 1602 2779 ἔχον-

146 2805 209 2833 τες
229 2790 312 2831 θεοὶ
333 2791 394 2831 καὶ
416 2793 564 2843 Μοῖραι
584 2791 793 2832 Butlerus.

203 2859 300 2911 962.
331 2857 707 2914 ματροκασιγνῆται]
734 2861 762 2882 “
775 2857 874 2898 Nox
894 2856 1002 2898 enim
1024 2867 1065 2898 et
1084 2858 1372 2900 Eumenidum.
1388 2867 1430 2900 et
1449 2860 1606 2901 Parca-

146 2939 242 2967 rum
261 2934 404 2967 mater.
437 2925 649 2967 Hesiodus
667 2924 719 2966 de
740 2925 872 2986 Necte
893 2924 1058 2981 Theog.
1082 2935 1161 2979 217
1179 2941 1188 2967 :

814 3005 841 3044 4
865 3007 886 3034 c
912 3005 936 3036 2
