1962 3224
378 197 463 240 586
851 200 1341 243 ANNOTATIONES

438 308 530 348 166.
561 308 606 348 οὗ
634 309 1001 364 δικαίοις-λόγοις]
1022 310 1213 365 Profecto
1232 311 1403 366 Jupiter
1429 310 1536 350 male
1563 309 1743 358 audiret,
1763 310 1809 349 in

376 388 562 415 rumores
581 375 669 429 ejus
688 375 857 414 numine
868 389 1026 431 parum
1045 377 1196 431 dignos
1215 377 1459 417 incurreret.
1492 377 1622 416 SCH.

433 440 605 491 ἐνέξεται
635 441 853 481 Porsonus.
897 442 1091 492 ἐνεύξεται
1117 443 1183 483 Μ.
1229 444 1273 484 ἐν
1303 444 1451 494 εὔξεται
1469 442 1569 484 Ald.
1612 442 1810 492 ἇνεύξεται

376 506 485 547 Rob.
517 505 695 557 ἀνέξεται
716 507 853 547 Turn.
884 508 1100 558 ἑντεύξεται
1121 509 1264 564 Steph.

436 582 528 624 170.
557 575 625 616 τᾶς
651 573 767 627 βοὸς]
801 573 877 614 Ifis
905 575 950 614 in
981 588 1146 615 vaccam
1173 581 1355 616 mutatoe.
1407 575 1474 616 Sic
1498 590 1605 630 saepe
1634 573 1810 615 breviter

374 638 623 693 designatur.
658 639 789 680 SCH.

435 715 526 758 171.
556 703 658 745 παῖδ’
690 704 897 759 ἀτιμάσας]
935 706 1034 748 Βοὸς
1063 711 1154 749 παῖς
1188 707 1408 762 Epaphum
1442 707 1657 762 significat,
1684 721 1808 762 quem

373 770 542 825 Jupiter
569 784 714 826 parum
745 779 831 811 erat
857 770 1143 819 honoraturus,
1170 772 1201 813 si
1229 773 1505 827 posteritatem
1531 773 1634 828 ejus,
1656 772 1808 814 Danai-

372 836 458 886 des,
479 835 733 891 neglexisset.
768 837 897 877 SCH.
949 838 1158 888 ἆτιμᾶσθαι
1178 837 1320 879 Guelf.

433 913 525 953 172.
545 902 665 956 γόνῳ]
685 903 806 955 γόνον
826 903 1069 944 Pearsonus.

434 979 525 1023 175.
566 968 690 1023 κλύοι]
723 970 832 1010 κλύει
862 969 963 1010 Ald.
1001 971 1134 1010 Turn.
1183 971 1286 1011 Post
1324 970 1434 1011 hunc
1474 985 1633 1011 versum
1671 985 1810 1012 versus

375 1035 609 1089 162—165.
629 1035 871 1090 repetendos
889 1050 975 1076 esse
995 1035 1098 1076 vidit
1118 1037 1332 1077 Canterus.
1367 1037 1527 1078 Absunt
1550 1037 1626 1078 hoc
1650 1035 1738 1078 loco
1755 1037 1809 1078 ab

369 1100 493 1141 libris.

431 1169 522 1220 176.
543 1167 656 1218 ἥκετε
675 1169 896 1209 Porsonus.
930 1169 1031 1209 ἵκετε
1050 1167 1156 1209 libri.

432 1244 523 1287 177.
545 1234 746 1289 ναυκλήρῳ
766 1235 900 1291 πατρὶ]
925 1235 1083 1276 Classis
1103 1241 1249 1276 vestrae
1264 1236 1473 1291 prcefi’cto,
1492 1237 1658 1277 itineris
1677 1237 1804 1276 mari-

369 1301 460 1340 timi
479 1301 592 1341 duce.
642 1301 708 1340 Sic
738 1315 862 1355 supra
882 1316 918 1341 v.
946 1313 1008 1343 12.
1030 1302 1202 1342 Danaus
1219 1303 1448 1356 βούλαρχος
1478 1303 1540 1343 καὶ
1569 1303 1808 1356 στασίαρχος

368 1366 666 1422 appellabatur.
699 1367 828 1407 SCH.
1140 1420 1145 1423 Α

430 1434 522 1486 178.
550 1435 612 1474 καὶ
631 1434 723 1475 τάπὶ
741 1433 908 1490 χέρσου]
931 1435 1061 1475 Recte
1082 1434 1308 1485 scholiasta,
1329 1435 1380 1477 ὡς
1399 1436 1447 1475 τὰ
1468 1435 1512 1475 ἐν
1532 1434 1728 1484 θαλάσσῃ.

424 1521 682 1578 προμήθειαν]
704 1518 942 1575 προμήθέιαν
963 1523 1028 1563 Μ.
1061 1523 1191 1563 Recte
1210 1522 1426 1575 προμηθίαν
1447 1521 1588 1562 Guelf.
1611 1521 1710 1562 Ald.

423 1589 583 1644 λαβεῖν]
604 1590 734 1630 Recte
753 1591 893 1641 λαβὼν
912 1588 1086 1629 correxit
1103 1588 1443 1629 Wordsworthus
1461 1603 1500 1643 p.
1517 1600 1564 1628 21
1576 1601 1613 1636 1,
1635 1587 1807 1640 φυλάξαι

368 1669 459 1695 cum
493 1655 565 1707 ἔπη
595 1656 860 1711 conjungens,
882 1665 929 1696 ut
950 1657 1161 1698 ἐπιστολὰς
1190 1653 1415 1707 φυλάσσειν
1443 1653 1549 1695 dixit
1580 1654 1708 1709 Soph.
1728 1654 1803 1709 Aj.

369 1722 518 1830 781279.
551 1777 623 1828 ἔπη
644 1777 922 1833 δελτουμένας]
944 1778 1162 1818 Memoriae
1185 1778 1440 1816 mandantes.
1483 1775 1806 1827 ἐπιδελτουμένας

366 1843 495 1885 codex
517 1844 758 1885 Robortelli.

428 1910 518 1966 183.
541 1911 717 1966 λεύσσω]
737 1913 867 1953 λεύσω
887 1911 953 1951 Μ.
976 1909 1084 1951 Rob.

429 1978 518 2031 185.
538 1977 802 2032 πεπυσμένοι]
822 1977 1078 2028 πεπεισμένοι
1097 1976 1197 2017 Ald.

428 2044 521 2084 186.
549 2043 784 2096 τεθυμμένος
803 2043 1069 2085 Abreschius.
1114 2042 1322 2094 τεθυμένος
1341 2042 1474 2082 Turn.
1498 2041 1641 2097 steph.
1685 2045 1805 2083 τεθει-

366 2109 482 2161 μένος
503 2111 568 2150 Μ.
591 2110 734 2151 Guelf.
755 2110 858 2150 Ald.
881 2110 991 2150 Rob.
1023 2108 1257 2162 τεθηγμένος
1276 2109 1519 2149 Pearsonus.

429 2177 520 2229 187.
552 2176 772 2231 ἐπόρνυται]
804 2177 898 2217 Rex
919 2175 1043 2230 hujus
1067 2185 1198 2221 terrae,
1220 2173 1293 2229 qui
1322 2189 1446 2229 supra
1465 2189 1636 2214 numero
1654 2174 1803 2229 plurali

365 2249 424 2282 est
445 2241 682 2296 designatus
701 2244 819 2292 τῆσδε
837 2244 909 2294 γῆς
929 2240 1151 2294 ἀρχηγέται.

425 2308 517 2348 188.
538 2307 661 2349 οὕνεκ’
683 2307 903 2348 Heathius.
935 2306 1049 2348 εἵνεκ’
1069 2306 1176 2347 libri.
1209 2310 1234 2330 “
1247 2305 1393 2348 παντὸς
1408 2306 1558 2354 οὕνεκα,
1578 2306 1624 2345 in
1644 2320 1802 2347 omnem

364 2373 592 2414 eventum.''
623 2374 752 2414 SCH.

426 2440 520 2494 189.
541 2439 688 2494 πάγον]
711 2439 839 2492 πάγου
860 2439 970 2480 Rob.
993 2438 1135 2494 Steph.

421 2506 551 2560 τῶνδ’]
575 2506 676 2547 τόνδ’
700 2507 836 2546 Turn.

421 2574 600 2625 ἀγωνίων
634 2571 754 2627 θεῶν]
796 2572 1055 2627 Hesychius:
1100 2571 1284 2625 Ἀγώνιοι
1324 2572 1418 2618 θεοὶ,
1454 2573 1491 2612 οῖ
1529 2575 1605 2612 τῶν
1639 2572 1802 2624 ἀγώνων

364 2643 619 2691 προεστῶτες.
669 2638 752 2688 Qui
771 2638 866 2689 sint,
882 2638 1006 2679 tradit
1026 2637 1133 2678 infra
1153 2652 1191 2678 v.
1215 2650 1308 2680 212.
1329 2646 1369 2678 et
1389 2652 1470 2692 seq.
1503 2637 1597 2678 Scil.
1617 2637 1800 2693 Jupiter,

363 2705 534 2761 Apollo,
557 2705 793 2761 Neptunus,
816 2704 1065 2746 Mercurius.
1117 2705 1184 2744 De
1204 2702 1399 2760 Apolline
1418 2713 1459 2744 et
1479 2703 1691 2745 Mercurio
1710 2703 1797 2759 egi-

362 2786 454 2811 mus
481 2771 535 2812 ad
567 2773 815 2826 Agamemn.
849 2786 887 2811 v.
914 2782 1011 2825 523.
1046 2780 1087 2811 et
1119 2782 1215 2825 524.
1266 2770 1298 2810 J
1299 2769 1386 2811 ovis
1420 2771 1588 2823 ἆγωνίου
1618 2769 1801 2811 meminit

365 2837 585 2893 Sophocles
606 2836 854 2888 Trachiniis,
873 2852 911 2878 v.
936 2839 1000 2878 26.

586 2901 701 2945 τέλος
721 2901 753 2943 θ’
776 2902 888 2954 ἔθηκε
910 2903 1007 2946 Ζεὺς
1026 2904 1191 2955 ἀγώνιος
1211 2906 1346 2945 καλῶς.
