1962 3224
586 182 675 223 AD
707 179 1103 222 EUMENIDES.
1496 176 1582 219 575

121 296 256 340 Schol.
289 295 486 352 Thucyd.
524 308 560 344 1,
590 296 682 337 126.
715 298 793 336 τῶν
822 297 980 345 σεμνῶν
1008 295 1122 342 θεῶν,
1154 293 1231 331 τῶν
1261 288 1465 343 Ἐρινύων,
1502 289 1584 330 κατ’

121 366 370 418 ἆντίφρασιν·
403 364 449 407 ἃς
467 365 566 416 μετὰ
582 363 653 404 τὸν
666 362 864 416 Ὀρέστην
885 363 923 403 οἱ
936 362 1141 412 Ἀθηναῖοι
1155 358 1331 410 πλησίον
1346 360 1415 397 τοῦ
1429 357 1586 410 Ἀρείου

119 433 248 487 πάγου
278 433 498 486 ἱδρύσαντο.
549 430 722 488 Ulpian.
745 430 786 471 in
809 430 1042 471 Comment.
1064 426 1118 469 ad
1150 427 1268 468 Orat.
1291 423 1512 466 Demosth.
1542 423 1586 464 in

122 500 322 542 Midiam:
364 502 420 541 ὧν
451 499 780 552 (Eumenidum)
818 499 882 540 καὶ
916 498 961 539 τὸ
998 495 1104 550 ἱερὸν
1142 496 1317 546 πλησίον
1355 494 1484 547 ἵδρυτο
1519 495 1587 544 τῆς

120 571 282 621 βουλῆς.
343 568 509 610 Diserte
529 567 757 625 Euripides
778 566 933 608 Electr.
955 575 1077 619 1271.

292 636 423 689 πάγον
442 638 532 690 παρ’
555 636 674 678 αὐτὸν
694 635 834 690 χάσμα
853 635 1039 677 δύσονται
1059 632 1218 688 χθονὸς,

292 706 442 758 σεμνὸν
461 709 668 759 βροτοῖσιν
689 705 854 757 εὐσεβὲς
871 702 1124 758 χρηστήριον.

124 773 344 814 STANL.
377 773 580 815 Deleatur
599 788 759 814 comma
779 782 873 829 post
897 771 1117 825 ὠγυγίοισι.

183 852 306 896 1037.
330 843 392 883 καὶ
411 842 553 897 τιμαῖς]
578 843 640 884 καὶ
661 851 770 883 recte
792 840 902 882 delet
922 841 1206 880 Hermannus.

179 911 414 962 περίσεπται
443 910 509 950 vel
537 909 770 963 περισέπται
800 909 866 950 Μ.
890 909 987 949 Par.
1031 908 1251 960 περίσεπτα
1279 905 1423 947 Guelf.
1447 906 1586 947 Turn.

123 977 340 1032 περισέπτᾳ
371 977 482 1019 Rob.
528 978 616 1031 περὶ
639 979 768 1019 σεπτὰ
795 976 896 1018 Ald.
948 977 1154 1025 Metrum,
1175 974 1288 1031 quod
1319 985 1587 1031 exaequatum

124 1059 210 1086 esse
243 1044 367 1086 debet
403 1045 536 1087 versui
581 1058 706 1100 1034,
745 1044 994 1086 vocabulum
1034 1044 1217 1100 postulat
1251 1044 1375 1100 quale
1408 1043 1588 1085 restituit

127 1115 410 1165 Hermannus‚
430 1113 695 1167 πυρισέπτορι.

182 1182 282 1237 τύχᾳ
302 1181 411 1223 Rob.
453 1183 572 1236 τύχας
592 1181 693 1223 Ald.
738 1183 874 1236 τύχαις
895 1182 1034 1222 Turn.
1069 1181 1184 1235 τύχαι
1205 1181 1269 1221 Μ.
1294 1181 1390 1221 Par.
1413 1179 1559 1221 Guelf.

187 1262 309 1305 1039.
332 1249 548 1305 πανδαμεί]
572 1249 844 1291 scribendum
866 1250 1042 1301 πανδαμί
1059 1263 1112 1289 ex
1133 1249 1198 1289 M.
1222 1247 1365 1290 Guelf.
1386 1248 1490 1290 Ald.

188 1329 311 1369 1040.
335 1317 574 1371 εὐθύφρονες
593 1317 661 1373 γᾷ]
684 1319 815 1359 Recte
838 1319 1107 1359 Hermannus
1126 1317 1209 1371 τᾷδ’
1232 1318 1423 1370 εὔφρονες
1443 1317 1510 1372 γᾷ.

190 1397 311 1435 1041.
332 1384 571 1441 πυριδάπτῳ]
595 1386 783 1427 Metrum
804 1384 988 1442 postulat
1010 1386 1083 1427 σὺν
1103 1384 1341 1440 πυριδάπτῳ,
1357 1385 1473 1441 quod
1493 1400 1588 1427 con-

122 1451 222 1508 jecit
244 1451 524 1493 Hermannus.

188 1532 308 1572 1042.
347 1520 538 1575 λαμπάδι]
579 1522 808 1578 Exspectes
846 1522 986 1578 potius
1026 1521 1256 1578 spondeum
1305 1530 1352 1562 ut
1387 1536 1429 1562 v.
1466 1524 1587 1575 1046.

128 1587 408 1632 Quamobrem
438 1587 575 1644 λάμπᾳ
595 1589 770 1646 conjecit
790 1590 1076 1640 Hermannus,
1098 1605 1195 1645 quae
1226 1596 1364 1630 tamen
1395 1605 1477 1631 non
1510 1591 1590 1631 usi-

128 1664 213 1696 tata
231 1655 364 1697 forma
382 1666 454 1698 est.

190 1736 310 1776 1044.
332 1722 520 1779 ἔνδαιδες]
544 1725 652 1766 ἔνδαι
672 1723 703 1766 δ’
727 1726 768 1768 ἐς
788 1724 889 1766 Ald.
913 1726 1050 1767 Turn.
1093 1725 1253 1781 ἔνδᾳδες
1274 1725 1389 1768 Rob.
1430 1728 1589 1782 ἐνδᾷδες

132 1791 412 1833 Hermannus.
462 1793 514 1834 V.
539 1792 726 1834 Lobeck.
753 1792 927 1849 Paralip.
946 1793 1135 1835 Gramm.
1158 1794 1237 1835 Gr.
1261 1808 1300 1850 p.
1325 1807 1416 1849 143.

188 1859 390 1901 Deleatur
409 1869 610 1916 punctum
633 1870 726 1917 post
747 1862 864 1902 οἴκων
883 1870 1146 1917 ponaturque
1166 1872 1260 1917 post
1281 1863 1430 1906 ἀστοῖς.

193 1938 314 1982 1045.
345 1928 504 1969 ἀστοῖσι
535 1928 648 1983 Ζεὺς]
687 1928 960 1970 scribendum
992 1930 1139 1972 ἀστοῖς·
1174 1929 1274 1972 Ζεὺς
1300 1931 1320 1970 ὁ
1352 1945 1446 1971 cum
1476 1932 1589 1973 Her-

135 2009 297 2036 manno.

190 2061 406 2118 πανόπτας]
456 2062 680 2108 παντόπτας
717 2064 785 2106 Μ.
825 2063 934 2105 Rob.
997 2063 1199 2106 Deleatur
1246 2075 1449 2122 punctum
1496 2078 1590 2125 post

134 2147 347 2175 πανοπτας.
