1962 3224
375 190 457 232 462
845 192 1339 234 ANNOTATIONES

373 301 462 342 οὔτε
481 303 600 355 γῆρας
619 301 834 353 οὐλόμενον
858 300 866 356 Ι
893 301 1070 355 κέκραται
1091 303 1175 356 ἱερᾷ
1195 303 1328 355 γενεᾷ.
1361 302 1492 342 πόνων
1516 299 1523 355 Ι
1549 301 1592 342 δὲ
1613 301 1674 342 καὶ
1693 300 1809 342 πολέ-

371 384 455 419 μων
493 368 583 421 ἄτερ
608 367 615 424 Ι
641 367 814 415 οἰκέοισι,
852 370 1043 421 φυγόντες
1067 367 1074 424 Ι
1097 367 1302 421 ὑπέρδικον
1341 368 1531 420 Νέμεσιν.
1592 368 1720 408 Plura
1757 367 1810 409 de

373 433 656 489 Hyperboreis
675 448 863 490 quaerens
882 435 1000 476 adeat
1022 434 1243 491 Spanhem.
1264 434 1318 476 ad
1338 433 1496 475 Gallim.
1520 435 1578 475 H.
1602 433 1695 475 Del.
1713 434 1809 476 281.

373 501 602 541 BLOMF.

428 576 526 622 374.
548 571 691 619 φωνεῖς
712 568 847 608 Turn.
873 567 1016 622 Steph.
1048 571 1174 620 φωνεῖ
1190 566 1283 607 libri
1303 566 1463 622 reliqui.

429 634 615 674 ὀδυνᾶσαι
638 633 729 688 γάρ]
752 632 868 674 Male
890 634 1096 674 Porsonus
1125 633 1213 674 haec
1232 634 1356 674 verba
1387 633 1500 674 uncis
1528 632 1809 675 circumdedit.

373 699 418 740 οὗ
438 702 601 740 δύνασαι
627 699 701 752 γάρ
721 700 772 740 Ο.
795 699 1024 740 Muellerus
1053 699 1094 739 in
1125 700 1446 740 Zimmermanni
1474 699 1602 741 diario
1630 715 1666 741 a.
1688 701 1809 755 1836.

371 780 414 820 p.
441 776 502 819 17.
533 776 655 816 recte,
685 765 761 807 nisi
790 765 904 821 quod
934 766 978 806 οὐ
1007 765 1193 807 omittere
1222 765 1423 807 debebat:
1459 766 1510 807 de
1539 781 1624 822 quo
1651 766 1811 808 monuit

376 832 653 872 Hermannus.

428 908 525 953 375.
556 897 754 951 μαράγνης
774 897 884 938 Rob.
913 897 1115 950 μαράγμης
1135 898 1202 938 Μ.
1227 899 1338 953 (cum
1359 897 1415 954 gl.
1436 897 1642 952 μάστιγος)
1667 899 1809 942 Guelf.

374 963 476 1005 Ald.
510 966 698 1017 μαραίνης
731 965 866 1005 Turn.
902 963 1045 1019 Steph.
1106 968 1133 988 “
1154 965 1334 1005 Rectum
1366 974 1427 1006 est
1461 964 1672 1018 μαράγνης,
1708 966 1813 1007 sicut

373 1030 523 1085 legitur
552 1031 592 1071 in
624 1031 796 1071 Platone
827 1030 995 1072 Comico
1023 1045 1088 1086 ap.
1120 1030 1277 1072 Polluc.
1307 1044 1371 1080 10,
1400 1033 1470 1086 56.
1502 1032 1654 1072 Incert.
1685 1032 1811 1074 Rhes.

374 1097 470 1149 817.
492 1097 561 1138 ubi
589 1097 802 1138 scholiasta
831 1107 967 1138 monet
993 1097 1277 1138 Herodianum
1309 1098 1482 1140 scribere
1512 1107 1709 1153 penacute
1737 1116 1810 1151 μα-

371 1163 510 1216 ράγνα.
568 1163 699 1219 Apud
731 1164 987 1220 Hesychium
1019 1164 1138 1205 etiam
1171 1165 1274 1206 hanc
1303 1164 1475 1205 formam
1506 1175 1710 1221 reponunt
1736 1165 1813 1206 viri

371 1229 482 1271 docti
522 1245 597 1284 pro
634 1229 816 1282 μάραινα.
861 1230 1050 1280 Photius‚
1092 1230 1313 1284 Μάραγνα;
1356 1231 1534 1283 μάστιξ.”
1583 1233 1811 1273 BLOMF.

372 1295 565 1337 Alterum
605 1295 812 1351 flagellum
852 1306 913 1338 est
950 1297 1158 1352 cogitati0‚
1194 1312 1303 1348 eum,
1340 1297 1412 1353 qui
1449 1297 1687 1353 propulsare
1727 1298 1813 1338 haec

372 1361 477 1403 mala
496 1372 643 1418 posset,
668 1364 1059 1418 (Agamemnonem)
1083 1362 1168 1418 jam
1201 1371 1306 1403 terra
1336 1362 1545 1403 conditum
1574 1378 1683 1411 esse;
1715 1362 1813 1404 alte-

371 1444 463 1470 rum
510 1444 620 1479 vero,
665 1444 820 1476 eorum,
866 1429 938 1484 qui
986 1444 1096 1470 nunc
1144 1428 1357 1484 imperant,
1400 1428 1725 1484 Clytaemnestrae
1773 1438 1814 1470 et

372 1495 572 1552 AEgisthi‚
603 1510 748 1536 manus
778 1495 889 1536 haud
919 1510 1044 1551 puras
1072 1510 1157 1536 esse
1186 1495 1238 1536 ab
1268 1495 1549 1536 abominandis
1578 1496 1686 1538 hisce
1714 1495 1812 1537 faci-

372 1563 555 1613 noribus,
576 1578 598 1603 e
618 1562 769 1617 quibus
789 1571 888 1602 ortae
910 1562 989 1602 sint
1009 1561 1073 1602 hae
1093 1560 1354 1602 calamitates.
1387 1563 1516 1603 SCH.

429 1630 527 1684 378.
559 1632 757 1681 στυγερῶν
785 1628 945 1682 τούτων]
977 1631 1174 1681 στυγερῶν
1204 1629 1328 1669 ὄντων
1355 1630 1585 1669 Hermann.
1616 1632 1814 1681 στυγερῶν

376 1695 554 1737 θανάτων
594 1694 761 1735 Schutz.
803 1694 994 1747 στυγερὸν
1032 1693 1130 1734 τοῦτ’
1171 1694 1240 1734 οὖν
1274 1694 1422 1735 Bothe.
1482 1695 1554 1734 An
1593 1693 1812 1750 legendum

372 1761 486 1816 χέρες
514 1762 588 1815 οὐχ
617 1761 734 1801 ὅσιαι.
771 1761 945 1813 στυγερὼ
975 1761 1106 1801 τούτω·
1154 1766 1374 1816 utrumque
1403 1761 1550 1802 horum
1579 1762 1742 1816 dffcile
1775 1767 1814 1802 et

371 1828 554 1869 odiosum
571 1844 585 1874 ,·
629 1828 777 1883 pueris
806 1833 942 1867 tamen
967 1828 1012 1879 (i.
1033 1840 1066 1867 e.
1093 1827 1230 1867 Oresti
1250 1832 1289 1867 et
1306 1827 1501 1880 Electrae)
1520 1829 1705 1884 gravius
1725 1834 1784 1870 est
1798 1845 1812 1869 .·

371 1895 397 1935 i.
420 1910 455 1936 e.
477 1894 686 1936 molestius
709 1903 782 1944 est,
802 1892 1019 1935 certamine
1047 1892 1297 1943 imminente,
1316 1893 1631 1949 opitulatoribus
1660 1909 1812 1945 carere,

372 1977 496 2017 quam
527 1976 672 2002 manus
700 1960 878 2017 pollutas
908 1960 1072 2001 habere.
1134 1959 1214 2000 Sed
1250 1959 1326 2001 hoc
1358 1975 1437 2000 non
1473 1960 1639 2002 omnino
1668 1961 1814 2017 placet.

373 2029 533 2070 Locum
555 2037 663 2069 certe
684 2041 764 2068 non
784 2025 984 2068 intellexit
1002 2026 1200 2081 interpres
1221 2026 1419 2073 Graecus;
1452 2026 1566 2080 χέρες
1586 2028 1659 2080 οὐχ
1682 2028 1812 2070 ὅσιαι;

372 2098 484 2136 τοῦτο
515 2096 592 2149 ἰδίᾳ
621 2094 935 2146 ἀναπεφώνηται,
966 2096 1043 2133 τῶν
1071 2093 1174 2146 ἄγαν
1208 2096 1405 2146 στυγερῶν
1439 2094 1596 2143 τούτων,
1626 2096 1737 2134 τοῦτο
1772 2095 1814 2134 δὲ

370 2166 527 2214 μᾶλλον
563 2161 858 2215 Ἀγαμέμνονος
895 2164 975 2203 τοῖς
1011 2161 1147 2200 παισὶν
1188 2160 1303 2200 αὐτοῦ
1342 2160 1607 2212 συμβέβηκεν·
1656 2160 1751 2213 πρὸς
1791 2160 1813 2201 ὃ

373 2228 510 2281 ἐπάγει
555 2227 754 2280 Ἠλέκτρα
794 2227 854 2268 ὅτι
894 2227 944 2270 ὡς
985 2225 1108 2278 βέλος
1151 2227 1172 2266 ὁ
1220 2226 1341 2279 λόγος
1389 2227 1500 2269 οὗτος
1547 2226 1680 2279 ἥψατό
1725 2243 1811 2277 μου.

373 2294 603 2335 BLOMF.

428 2360 526 2415 380.
548 2359 769 2414 διαμπερὲς]
791 2359 996 2411 διαπρεπὲς
1017 2357 1126 2398 Rob.

428 2427 495 2470 οὓς
516 2424 771 2467 Schuetzius.
803 2425 854 2468 ὣς
873 2423 979 2465 libri.

428 2493 526 2548 381.
546 2491 661 2547 ἵκεθ’]
686 2492 731 2532 In
753 2490 867 2532 libris
886 2490 1005 2547 plene
1025 2489 1220 2545 scriptum
1244 2491 1358 2531 ἵκετο.

430 2559 528 2613 ἅπερ
548 2560 611 2615 τε]
634 2558 702 2600 ἅτε
720 2575 794 2611 περ
813 2559 948 2598 Turn.
973 2556 1115 2612 Steph.

427 2626 524 2680 382.
546 2625 659 2680 ἄταν]
681 2625 776 2676 ἄτην
798 2624 862 2665 Μ.
886 2622 1181 2679 (superscripto
1202 2622 1245 2675 a)
1269 2623 1381 2664 Rob.

428 2693 526 2748 383.
547 2691 728 2745 τλήμονι]
753 2690 930 2732 Audaci.
963 2688 1093 2731 Sex-ib.
1114 2699 1249 2730 autem
1272 2690 1449 2741 τλάμονι.

427 2760 526 2815 384.
548 2758 665 2813 χειρὶ]
688 2756 823 2799 Schol.
846 2755 1195 2808 Κλυταιμνήστρας
1215 2755 1277 2797 καὶ
1297 2757 1501 2809 Αἰγίσθου.

428 2829 584 2867 τοκεῦσι
605 2824 635 2866 δ’
658 2825 758 2876 ὅμως
778 2822 963 2877 τελεῖται]
984 2822 1118 2863 Verba
1137 2831 1343 2877 corrupta.
1371 2827 1396 2846 “
1416 2826 1571 2864 τοκεῦσι
1597 2825 1698 2875 δόμω
1728 2841 1816 2865 στε-

375 2897 503 2933 λεῖται
524 2892 636 2933 Rob.
668 2893 846 2932 τοκεῦσιν
865 2890 969 2932 ὅπως
988 2892 1146 2940 τελῆται
1167 2888 1314 2945 Scalig.
1341 2898 1383 2930 et
1407 2888 1620 2930 scholiasta
1648 2889 1814 2946 quidem
