1962 3224
626 188 716 229 AD
748 185 1190 229 CHOEPHORAS.
1560 182 1646 226 449

173 298 364 342 habiliter
396 289 644 342 Erfurdtius
676 296 730 338 ad
773 296 902 353 Soph.
940 295 1016 352 Aj.
1050 309 1092 350 p.
1129 293 1227 336 626.
1269 291 1361 333 ἀλλ’
1399 292 1448 344 ἦν
1484 293 1646 344 σαφηνῆ

176 367 364 424 conjecit.

233 437 449 487 ἀποπτύξαι
479 450 532 476 ex
566 434 675 476 Rob.
711 432 899 474 relictum
934 446 960 472 a
990 432 1191 472 Porsono.
1247 427 1381 467 Recte
1418 426 1645 467 ἀποπτύσαι

177 503 313 545 Turn.
345 519 395 544 ex
427 502 594 552 scholio,
626 502 872 543 ἀποπτύσαιι
915 502 1094 553 μισῆσαι.
1126 497 1338 538 ἀπόπτυσα
1369 493 1514 535 Guelf.
1547 493 1642 535 ἀπέ-

174 587 303 612 πτυσα
324 570 424 611 Ald.
457 571 675 623 ἀποπρίσαι
696 570 763 610 Μ.

237 639 330 693 198.
352 637 388 692 γ’
411 653 494 679 om.
517 637 662 679 Guelf.
687 636 790 678 Ald.
813 635 924 677 Rob.
950 635 1090 676 Turn.

237 718 332 748 200.
355 706 484 761 τιμὴν]
505 705 594 758 τιμὴ
610 706 669 747 Is.
686 704 872 746 Vossius.
903 703 1017 756 τιμὴν
1035 701 1192 758 legerat
1208 699 1452 747 scholiasta;
1487 699 1650 752 ἄγαλμα

175 774 349 825 τύμβους
396 775 527 816 λείπει
556 774 580 826 ἡ
612 775 679 817 εἰς.
740 774 800 814 Et
831 781 938 813 stare
974 770 1142 827 quidem
1175 777 1325 825 potest.
1359 768 1514 823 Agam.
1548 777 1647 820 217.

175 841 275 883 ἔτλα
309 840 340 883 δ’
378 842 449 883 οὖν
484 841 602 894 θυτὴρ
637 839 828 894 γενέσθαι
855 838 861 896 Ι
888 837 1081 892 θυγατρὸς
1115 836 1430 890 γυναικοποίνων
1462 834 1650 886 πολέμων

176 908 349 963 ἀρωγάν,
378 907 385 966 Ι
412 909 475 950 καὶ
494 908 708 962 προτέλεια
729 911 847 949 ναῶν.
909 907 978 948 De
999 906 1076 947 hac
1098 902 1405 946 constructione
1425 902 1511 944 vid.
1533 903 1649 944 Mat-

176 975 276 1017 thiae
313 977 367 1018 G.
401 977 459 1019 G.
494 978 532 1031 ξ.
562 989 661 1032 432.
706 975 940 1018 Dobraeum
981 973 1035 1015 ad
1082 971 1303 1028 Aristoph.
1341 969 1456 1012 Plut.
1501 985 1545 1027 p.
1575 983 1647 1025 39.

176 1044 410 1086 BLOMF.

234 1124 333 1156 202.
353 1112 477 1167 δίκην]
503 1112 588 1168 δίκῃ
610 1112 676 1153 Μ.
701 1110 847 1152 Guelf.

234 1189 331 1234 205.
355 1179 505 1234 στίβοι]
527 1180 652 1220 Hanc
673 1177 894 1234 agnitionis
916 1184 1077 1234 partem
1099 1175 1329 1232 Euripides
1349 1174 1604 1231 perstrinxit,
1624 1190 1649 1216 a

177 1247 360 1288 Stanleio
389 1247 605 1303 allegatus,
625 1247 667 1288 in
689 1246 846 1288 Electr.
867 1256 968 1301 534.
993 1248 1086 1287 Πῶς
1116 1242 1147 1284 δ’
1171 1243 1221 1284 ἂν
1251 1242 1396 1296 γένοιτ’
1420 1243 1470 1284 ἂν
1491 1244 1536 1284 ἐν
1556 1260 1647 1295 κρα-

172 1314 317 1371 ταιλέῳ
352 1315 457 1370 πέδῳ
490 1316 610 1359 Γαίας
643 1319 775 1357 ποδῶν
813 1314 1056 1366 ἔκμακτρον;
1107 1313 1142 1352 εἰ
1177 1309 1208 1352 δ’
1245 1311 1358 1352 ἐστὶν
1387 1311 1491 1361 τόδε,
1525 1315 1650 1352 Δυεῖν

173 1383 369 1436 ἀδελφοῖν
388 1386 483 1426 ποῦς
513 1382 562 1424 ἂν
590 1384 635 1424 οὐ
665 1381 808 1436 γένοιτ’
835 1384 936 1431 ἴσος,
958 1379 1124 1432 Ἀνδρός
1155 1395 1198 1420 Τε
1230 1378 1294 1420 καὶ
1323 1379 1520 1431 γυναικός·
1555 1377 1646 1419 ἀλλ’

173 1449 300 1502 ἆρσὴν
340 1454 485 1503 κρατεῖ.
558 1451 815 1492 Postremam
850 1464 946 1490 vero
985 1457 1163 1505 partem,
1201 1456 1401 1503 tanquam
1441 1446 1495 1487 ab
1534 1445 1646 1487 omni

171 1516 294 1573 plane
313 1517 470 1559 ratione
490 1517 663 1559 alienam
685 1516 954 1559 deridendam
985 1514 1286 1570 spectatoribus
1315 1513 1511 1570 propinat
1540 1513 1644 1555 ibid.

170 1599 210 1627 v.
230 1595 329 1641 541.
361 1586 446 1627 Οὐκ
475 1585 594 1636 οἶσθ’,
619 1585 815 1639 Ὀρέστης
843 1582 940 1636 ἡνίκ’
974 1584 1149 1624 ἐκπίπτει
1179 1583 1339 1636 χθονός,
1373 1580 1488 1622 Νέαν
1518 1580 1556 1633 μ’
1591 1580 1643 1622 ἔτ’

171 1654 322 1701 οὖσαν;
356 1655 391 1694 εἰ
421 1654 463 1694 δὲ
494 1654 682 1707 κᾶκρεκον
711 1652 902 1702 πέπλους,
923 1654 1018 1693 Πῶς
1048 1651 1110 1698 ἄν,
1132 1649 1211 1691 τότ’
1242 1648 1299 1691 ὢν
1327 1653 1435 1700 παῖς,
1456 1651 1526 1690 νῦν
1557 1648 1645 1703 ἔχοι

170 1720 274 1763 ταῦτ’
297 1721 347 1763 ἂν
367 1721 486 1775 φάρη,
520 1723 570 1762 Εἰ
597 1721 650 1773 μὴ
680 1718 922 1772 ξυναύξοινθ’
946 1720 985 1760 οἱ
1013 1717 1159 1760 πέπλοι
1189 1718 1243 1773 τῷ
1274 1718 1454 1769 σώματι;
1517 1716 1644 1767 Quod

172 1789 398 1845 Euripides
429 1788 634 1845 AEschylo
664 1788 765 1829 vitio
795 1787 931 1837 vertit,
961 1786 1004 1827 id
1039 1785 1367 1842 pulcherrimum
1402 1794 1444 1826 et
1473 1784 1644 1827 omnino

171 1867 333 1898 naturae
355 1866 677 1898 consentaneum
699 1871 786 1896 esse
807 1854 998 1896 arbitror.
1038 1854 1199 1894 Notum
1222 1863 1283 1894 est
1303 1852 1419 1909 apud
1439 1861 1642 1894 nostrates

169 1925 454 1981 proverbium,
477 1924 666 1965 homines
696 1923 738 1964 in
771 1922 894 1963 undis
923 1921 1131 1978 perituros
1162 1920 1226 1961 vel
1256 1920 1430 1976 stipulas
1460 1929 1642 1977 captare.

171 1992 284 2043 Quid
313 1992 480 2042 mirum,
502 1992 548 2042 si,
570 1992 613 2032 in
643 2006 687 2032 re
717 1991 946 2046 desperata,
969 1988 1032 2030 vel
1064 1987 1310 2029 levissimam
1343 1987 1431 2044 spei
1460 1987 1639 2029 occasio-

170 2075 265 2102 nem
294 2060 414 2101 avide
443 2059 669 2116 captaverit
694 2058 880 2107 Electra,
901 2071 1035 2112 quum
1058 2055 1311 2111 jamdudum
1342 2056 1503 2096 Orestae
1533 2055 1640 2096 redi-

172 2136 262 2169 tum
293 2127 445 2183 cupide
475 2128 762 2183 expectasset?
824 2124 1062 2169 Quinetiam
1084 2123 1173 2180 ipsa
1193 2123 1473 2180 suspicionum
1494 2122 1640 2164 levitas

171 2206 349 2236 mentem
380 2194 535 2235 indicat
564 2209 589 2234 a
618 2203 730 2234 recto
763 2202 872 2234 statu
904 2191 1091 2233 nonnihil
1120 2192 1336 2247 dejectam,
1364 2201 1406 2233 et
1435 2207 1460 2232 a
1489 2190 1639 2247 quovis

170 2272 381 2303 momento
409 2262 451 2302 in
478 2261 585 2303 hanc
605 2261 670 2302 vel
697 2260 808 2301 illam
828 2270 988 2316 partem
1011 2259 1130 2300 facile
1150 2259 1386 2316 impulsam.
1446 2257 1636 2309 Accedit,

172 2339 221 2372 ut
240 2339 349 2372 recte
368 2329 602 2371 observavit
623 2329 824 2376 Botheus‚
847 2327 962 2384 quod
983 2327 1173 2369 tumulus
1192 2328 1302 2384 regis
1321 2327 1510 2369 desertus
1534 2334 1636 2377 erat,

170 2398 274 2439 iram
296 2397 481 2454 AEgisthi
511 2406 552 2438 et
577 2398 908 2454 Clytaemnestrae
939 2394 1181 2437 timentibus
1202 2395 1390 2451 Argivis,
1411 2394 1524 2435 unde
1553 2409 1634 2435 non

172 2465 279 2506 male
298 2465 350 2506 de
371 2467 518 2507 Oreste
537 2466 712 2521 ejusque
733 2465 874 2521 aliquo
893 2463 1022 2506 sodali
1043 2464 1197 2520 cogitat
1221 2463 1347 2520 virgo.
1395 2464 1529 2504 Porro
1549 2461 1637 2519 ipse

171 2541 296 2589 poeta
314 2532 355 2573 in
383 2532 431 2573 iis
458 2547 555 2588 quae
578 2532 766 2589 loquitur
787 2533 945 2574 Orestae
966 2546 1141 2588 persona
1159 2546 1227 2573 vv.
1251 2544 1303 2574 22
1305 2540 1349 2586 5.
1373 2546 1434 2586 sq.
1455 2530 1637 2571 ostendit

172 2615 214 2641 se
240 2614 366 2656 quam
392 2599 482 2640 leve
510 2600 667 2641 fuerint
696 2601 996 2653 ἀναγνωρίσεως
1026 2598 1216 2649 rationes,
1249 2597 1346 2639 satis
1375 2597 1633 2638 intellexisse.

172 2668 405 2709 BLOMF.

229 2736 327 2778 206.
347 2733 498 2790 ποδῶν]
522 2732 553 2775 δ’
575 2732 737 2775 addunt
758 2735 825 2774 M.
849 2731 991 2774 Guelf.
1014 2731 1116 2772 Ald.
1139 2732 1250 2773 Rob.

228 2803 326 2845 208.
349 2802 497 2857 συν-]
519 2803 651 2843 Recte
671 2805 798 2852 ξυν-
818 2802 1043 2842 Porsonus.

228 2882 324 2925 209.
358 2868 413 2925 θ’]
450 2871 480 2910 δ’
511 2868 614 2910 Ald.
648 2883 743 2909 cum
777 2868 854 2908 hac
888 2865 1233 2923 interpunctione,
1266 2868 1417 2916 ποδοῖν,
1450 2865 1568 2907 αὐτοῦ
1599 2865 1631 2906 τ’

170 2938 334 2988 ἐκείνου,
358 2937 420 2979 καὶ
440 2954 480 2977 o·-
503 2937 607 2980 τινὸς
627 2935 804 2989 πτέρναι.
839 2935 1032 2976 τενόντων
1052 2932 1143 2974 δ’-
1156 2964 1165 2973 .

866 3015 938 3057 31,
