1962 3224
607 149 699 190 AD
728 145 1128 190 EUMENIDES.
1517 140 1603 181 523

133 264 197 313 Et
213 264 316 305 alibi
339 263 471 317 (hunc
489 262 626 319 ipsum
648 261 786 303 locum
805 260 1003 314 innuens)
1021 275 1030 299 ε

305 344 463 399 Πατρὸς
479 342 684 398 προφήτης
705 343 791 384 ἐστὶ
812 342 1089 394 ΛοξίαςΔιός.

134 432 199 473 Et
223 431 327 488 quid
346 429 393 486 (l.
412 431 580 488 ecquid)
606 429 768 471 clarum
779 428 958 484 sactum
988 432 1048 468 est
1077 424 1175 466 inde
1204 422 1432 480 sumpsisse
1466 422 1606 478 Virgi-

132 499 237 540 lium
256 498 366 555 quod
384 498 537 555 Apollo
556 511 606 538 ea
627 497 888 539 vaticinatur
906 510 999 552 quae
1017 495 1099 536 sibi
1119 492 1294 549 Jupiter
1303 489 1436 544 fatur
1450 487 1474 530 ,9
1515 488 1604 530 Alii

135 564 377 622 Apollinem
415 563 494 621 ipsi
535 564 682 604 Terrae
721 561 763 603 in
803 562 882 602 hoc
921 559 1088 602 oraculo
1132 556 1371 600 successisse
1415 554 1602 597 tradunt.

136 632 292 674 AElian.
312 633 411 674 Var.
432 632 545 674 Hist.
566 644 610 687 3,
628 643 663 672 Ι.
684 628 883 672 Ἐνταῦθά
902 631 966 671 τοί
993 635 1096 682 φασι
1123 629 1262 669 παῖδες
1292 627 1512 666 Θετταλῶν
1543 624 1607 664 καὶ

134 699 205 742 τὸν
222 699 464 742 Ἀπόλλωνα
483 698 554 741 τὸν
574 699 729 741 Πύθιον
750 697 995 751 καθήρασθαι
1018 698 1117 738 κατὰ
1141 695 1379 749 πρόσταγμα
1404 695 1474 732 τοῦ
1496 690 1605 741 Διὸς,

134 768 202 810 ὅτε
222 769 292 810 τὸν
311 769 487 810 Πύθωνα
511 766 582 808 τὸν
605 764 799 819 δράκοντα
830 766 1126 816 κατετόξευσεν,
1146 763 1203 805 ἔτι
1233 759 1488 815 φυλάττοντα
1516 759 1606 809 τοὺς

137 836 338 890 Δελφοὺς,
361 839 428 888 τῆς
455 838 532 888 Γῆς
562 836 732 890 ἐχούσης
761 833 806 875 τὸ
836 837 1035 886 μαντεῖον·
1067 828 1432 885 στεφανωσάμενον
1462 827 1533 870 οὖν
1563 829 1607 869 ἐκ

136 906 275 957 ταύτης
304 907 371 956 τῆς
402 903 570 958 Δάφνης
602 906 669 955 τῆς
701 904 912 954 Τεμπικῆς,
951 902 1015 943 καὶ
1044 900 1230 952 λαβόντα
1267 896 1415 938 κλάδον
1448 897 1504 939 εἰς
1536 895 1608 947 τὴν

136 975 269 1025 δεξιὰν
292 977 410 1028 χεῖρα
435 975 478 1015 ἐκ
506 975 575 1024 τῆς
602 971 720 1013 αὐτοῦ
751 969 917 1023 δάφνης,
940 971 1076 1012 ἐλθεῖν
1097 970 1139 1012 ἐς
1160 965 1364 1020 Δελφοὺς,
1387 964 1450 1005 καὶ
1479 980 1606 1017 παρα-

136 1045 285 1094 λαβεῖν
303 1041 348 1082 τὸ
367 1045 572 1094 μαντεῖον.
605 1039 830 1081 STANL.

140 1118 143 1120 ’
196 1121 265 1152 20.
294 1108 472 1166 τούτους]
503 1110 682 1150 Terram
711 1106 880 1157 scilicet,
903 1102 1101 1154 Themin,
1123 1101 1328 1152 Phoeben,
1350 1099 1604 1157 Apollinem.

140 1177 364 1219 STANL.

142 1261 143 1264 ¹
198 1256 264 1287 21.
309 1246 481 1288 Παλλὰς
520 1242 706 1298 προναία]
743 1239 922 1298 Delphis
960 1240 1182 1281 Pronaeam
1215 1236 1343 1278 fuisse
1374 1235 1606 1286 Palladem,

136 1313 254 1370 quod
287 1322 383 1354 ante
422 1311 624 1369 templum
662 1308 872 1367 Apollinis
910 1308 1001 1365 ipsa
1039 1315 1145 1348 esset
1184 1305 1396 1356 collocata,
1430 1313 1472 1346 et
1511 1303 1608 1345 hinc

137 1390 270 1439 patet,
292 1390 334 1423 et
352 1396 405 1423 ex
426 1380 506 1422 hoc
527 1378 772 1422 Callimachi
792 1392 928 1429 versu,
949 1391 975 1418 a
994 1374 1210 1418 scholiaste
1228 1373 1369 1423 allato,

309 1461 363 1515 χή
383 1461 570 1507 Παλλὰς,
594 1458 758 1512 Δελφοί
774 1473 837 1499 νιν
857 1455 914 1498 ὅθ’
937 1455 1115 1509 ἱδρύοντο
1133 1453 1342 1507 προναίην.

139 1550 199 1591 Et
218 1557 306 1590 erat
325 1547 435 1590 aedes
454 1547 492 1589 ei
512 1561 641 1599 saera,
661 1555 710 1588 ut
731 1545 960 1588 Pausanias
977 1558 1043 1594 10,
1062 1544 1104 1593 8,
1126 1545 1166 1584 6.
1196 1541 1248 1583 Ὁ
1268 1540 1451 1598 τέταρτος
1474 1541 1604 1596 (ναὸς)

138 1618 308 1669 Ἀθηνᾶς
337 1617 423 1658 ἐστι
450 1616 662 1669 Προνοίας.
692 1614 720 1655 l.
742 1614 957 1667 Προναίας.
1018 1611 1222 1668 Ejusdem
1244 1609 1502 1666 cognominis
1522 1609 1607 1651 Mi-

139 1699 266 1726 nerva
285 1693 326 1726 et
345 1683 399 1725 ad
421 1683 604 1725 Thebas.
666 1681 894 1724 Pausanias
915 1694 956 1736 9,
977 1694 1043 1732 10,
1066 1692 1103 1722 2.
1137 1682 1283 1732 Πρῶτα
1310 1679 1385 1730 μὲν
1417 1677 1462 1729 δὴ
1492 1679 1608 1719 λίθου

141 1754 241 1794 κατὰ
262 1751 333 1804 τὴν
361 1751 504 1794 ἔσοδόν
531 1752 642 1792 ἐστιν
665 1749 816 1802 Ἀθηνᾶ
847 1750 910 1791 καὶ
938 1748 1084 1803 Ἑρμῆς
1114 1748 1395 1800 ὀνομαζόμενοι
1416 1747 1607 1799 Πρόναοι.

141 1819 211 1862 De
239 1819 317 1861 hac
345 1818 639 1875 intelligendus
668 1818 771 1859 mihi
798 1817 963 1859 videtur
988 1816 1210 1858 AEschines
1237 1813 1436 1856 Oratione
1465 1823 1610 1855 contra

144 1886 458 1943 Ctesiphontem
488 1901 530 1942 p.
552 1887 620 1941 69.
642 1886 770 1927 H.St.
799 1884 1031 1926 Ἀναθεῖναι
1058 1883 1291 1925 Ἀπόλλωνι
1313 1885 1366 1938 τῷ
1388 1884 1524 1938 Πυθίῳ
1546 1882 1610 1923 καὶ

148 1955 229 2012 [τῇ]
261 1954 462 2008 Ἀρτέμιδι
494 1954 559 1996 καὶ
587 1956 714 2006 Λητοῖ
742 1953 804 1994 καὶ
831 1951 983 2006 Ἀθηνᾷ
1014 1953 1204 2006 Προνοία.
1265 1951 1383 2006 Lege
1414 1951 1608 2005 Προναίᾳ.

145 2023 267 2065 Licet
296 2023 496 2064 mendum
531 2021 629 2063 satis
664 2020 716 2062 sit
749 2019 986 2076 antiquum,
1016 2028 1059 2060 et
1087 2018 1202 2075 apud
1234 2017 1611 2074 Harpocrationem

142 2091 267 2132 etiam
286 2091 509 2148 recipiatur
533 2105 565 2132 s.
587 2104 626 2131 v.
650 2090 841 2142 Πρόνοια.
906 2087 987 2130 Sed
1019 2086 1225 2128 videndus
1254 2086 1424 2127 omnino
1454 2085 1507 2127 de
1535 2085 1613 2128 hac

143 2174 188 2200 re
208 2160 421 2201 Meursius
440 2158 483 2199 in
504 2156 777 2199 Lectionibus
798 2155 968 2207 Atticis,
990 2170 1032 2212 p.
1057 2155 1125 2209 87.
1161 2155 1384 2196 STANL.
1445 2156 1612 2207 Veram,

143 2241 242 2283 quae
261 2225 466 2283 AEschylo
495 2241 666 2282 quoque
695 2224 951 2266 restituenda
981 2224 1048 2274 sit,
1070 2223 1247 2265 nominis
1276 2222 1537 2280 scripturam,
1560 2210 1614 2265 ab

142 2295 320 2337 librariis
334 2296 420 2351 jam
442 2294 623 2351 antiquis
642 2293 902 2350 temporibus
921 2307 1005 2334 non
1025 2307 1120 2334 raro
1138 2292 1424 2350 depravatam,
1445 2293 1613 2346 πρόνοια

143 2355 232 2405 esse
268 2363 504 2405 doctissima
542 2362 823 2419 disputatione
856 2360 1037 2403 ostendit
1073 2360 1316 2418 Lennepius
1353 2359 1409 2401 ad
1444 2360 1613 2403 Phalar.

146 2431 283 2488 Epist.
303 2447 344 2488 p.
366 2443 444 2486 143
467 2446 579 2487 seqq.

206 2512 275 2542 22.
307 2499 403 2540 ἔνθα
422 2499 595 2551 Κωρυκὶς
623 2497 763 2553 πέτρα]
786 2497 959 2551 Κωρυκὶς
984 2495 1121 2550 πέτρα,
1142 2496 1367 2552 interprete
1397 2495 1613 2538 scholiaste

148 2567 404 2621 Παρνασσός,
436 2565 508 2607 sed
539 2566 676 2607 minus
704 2575 840 2616 recte5
882 2564 1053 2605 additur
1082 2563 1190 2605 enim
1224 2565 1350 2615 κοίλη,
1384 2574 1431 2604 ut
1459 2562 1612 2604 intelli-

146 2643 272 2691 gatur
300 2635 444 2687 ἄντρον
465 2634 678 2686 Κωρύκιον,
699 2631 815 2687 quod
844 2646 928 2672 non
958 2640 1047 2672 erat
1077 2640 1211 2687 poetae
1240 2629 1610 2686 praetereundum;

147 2711 206 2743 est
238 2701 346 2743 enim
376 2700 577 2751 omnium,
606 2715 702 2756 quae
731 2707 877 2739 notatu
906 2698 1048 2754 digna,
1076 2698 1333 2745 maximum3
1368 2697 1613 2739 observante

150 2768 356 2811 Pausania
387 2780 452 2818 10,
482 2769 524 2818 6,
554 2779 594 2822 3.
655 2765 877 2822 Nymphas
915 2773 1054 2806 autem
1089 2764 1172 2806 illic
1207 2775 1426 2806 veneratur
1457 2766 1615 2822 Pythia

152 2847 241 2879 tum
262 2835 377 2893 quod
400 2850 548 2876 nomen
569 2833 759 2875 sortitum
782 2832 833 2874 sit
852 2847 875 2873 a
898 2833 1101 2889 Nympha
1122 2832 1305 2887 (λέγεται
1326 2834 1368 2874 δὲ
1398 2834 1461 2874 καὶ
1488 2834 1613 2879 ἄλλος

152 2904 340 2958 διάφορος
372 2905 495 2956 λόγος
534 2903 586 2957 τῷ
624 2902 831 2954 πρότερον,
865 2898 1098 2942 Ἀπόλλωνι
1133 2902 1177 2942 ἐκ
1209 2901 1380 2954 Νύμφης
1416 2903 1617 2955 Κωρυκίας

826 2981 851 3023 3
876 2981 900 3007 u
927 2981 950 3010 2
