1962 3224
359 202 444 244 386
829 203 915 244 AN
922 202 1249 244 NOTATION
1252 202 1324 242 Es

358 315 442 365 ἡδὲ
461 329 707 367 χειρουργικη
737 313 799 353 διὰ
820 312 864 352 τὸ
893 311 1048 363 τέμνειν
1078 313 1139 352 καὶ
1167 313 1288 352 καίειν
1315 310 1473 363 ὑγιάζει.
1520 309 1720 364 Hippocr.
1741 309 1793 349 de

360 379 529 420 Medico
557 394 600 434 p.
626 391 692 433 13,
719 378 784 418 18.
807 377 871 419 ed.
897 377 1023 418 Basil.
1059 378 1123 418 ἐπὶ
1151 378 1193 418 δὲ
1225 380 1302 417 τῶν
1332 379 1583 429 χειρουργιῶν
1610 376 1701 416 ὅσαι
1731 377 1793 416 διὰ

358 448 476 496 τομῆς
506 446 619 495 εἰσὶν,
650 443 673 495 ἢ
704 445 874 486 καύσιος.
926 444 993 485 Cf.
1022 443 1183 499 Aphor.
1215 445 1255 492 6,
1279 453 1343 495 27.
1367 452 1406 495 7,
1426 454 1498 494 44.
1530 442 1569 492 8,
1590 443 1630 482 6.
1671 442 1793 481 Plato

359 512 489 567 Gorg.
519 527 560 567 p.
581 513 676 566 456.
700 512 752 551 B.
785 511 871 564 οὐχὶ
903 510 1091 551 ἐθέλοντα
1118 509 1142 562 ἢ
1172 509 1376 563 φάρμακον
1406 512 1523 558 πιεῖν,
1553 507 1577 559 ἢ
1609 513 1739 559 τεμεῖν
1769 506 1793 558 ἢ

358 581 499 618 καῦσαι
518 581 739 630 παρασχεῖν
758 579 808 632 τῷ
829 578 956 631 ἰατρῷ.
990 577 1058 616 ubi
1089 575 1305 631 legendum
1327 575 1490 616 videtur
1515 574 1538 626 ἢ
1571 579 1701 625 τεμεῖν
1732 574 1793 614 καὶ

358 648 510 685 καῦσαι.
541 644 695 699 quippe
724 652 816 698 post
845 642 1078 698 scalpellum
1109 642 1352 691 adhibitum,
1382 641 1532 682 vulnus
1557 641 1665 681 ferro
1696 655 1791 680 can-

355 709 477 751 dente
497 710 757 751 ustulabatur
776 708 827 749 ad
849 708 1085 764 sanguinem
1106 707 1392 748 cohibendum.
1435 707 1545 747 Ibid.
1566 722 1606 762 p.
1627 708 1725 759 480.
1744 708 1792 748 C.

354 777 407 829 μὴ
428 778 669 831 ἀποδειλιᾷν,
692 778 799 818 ἀλλὰ
827 775 1015 828 παρέχειν
1043 776 1221 826 μύσαντα
1252 775 1313 814 καὶ
1342 775 1524 826 ἀνδρείως
1549 773 1704 824 τέμνειν
1731 774 1792 814 καὶ

356 843 464 884 κάειν
482 846 533 898 τῷ
556 844 682 898 ἰατρῷ.
715 842 808 883 Vid.
832 841 996 882 Heusd.
1019 842 1136 896 Spec.
1158 840 1260 882 Crit.
1284 856 1328 896 p.
1351 854 1417 894 91.
1449 841 1677 881 BLOMF.

414 910 509 963 850.
531 908 620 961 πῆμ’
643 907 893 960 ἀποστρέψαι
914 908 1034 948 νόσου
1055 909 1273 947 Porsonus.
1318 906 1490 958 πήματος
1508 906 1650 959 τρέψαι
1672 907 1792 947 νόσον

354 974 460 1016 libri.

413 1042 510 1083 860.
530 1041 610 1096 ὑπ’]
632 1040 689 1083 ἐπ’
713 1042 768 1082 Τ.

413 1108 509 1163 863.
532 1109 722 1159 κληδόνας
742 1109 944 1149 Auratus.
973 1107 1114 1158 ἡδονᾶς
1131 1105 1236 1147 libri.

413 1175 506 1229 869.
529 1175 724 1226 ἐπλήθυον
744 1176 966 1216 Porsonus.
999 1172 1217 1223 ἐπλήθυνον
1238 1171 1340 1213 libri.

413 1242 506 1294 871.
530 1243 658 1282 Hunc
677 1241 811 1282 locum
831 1240 938 1281 varie
957 1248 1138 1289 tentant;
1170 1240 1239 1280 sed
1255 1253 1335 1279 non
1351 1249 1411 1279 est
1430 1253 1534 1293 opus
1554 1237 1789 1288 mutatione,

353 1308 477 1350 modo
496 1307 712 1363 virgulam,
734 1322 829 1363 quae
858 1307 983 1363 vulgo
1012 1315 1104 1362 post
1133 1306 1275 1360 χθονὸς
1302 1305 1554 1361 appingitur,
1584 1304 1636 1345 ad
1666 1306 1788 1345 finem

355 1374 572 1431 superioris
594 1389 731 1415 versus
751 1374 919 1430 rejiciaS,
941 1384 982 1414 et
1001 1373 1056 1414 sic
1074 1372 1372 1428 interpreteris:
1403 1373 1588 1413 Multam
1614 1386 1791 1428 superne

357 1444 458 1496 (non
488 1443 597 1482 enim
626 1455 715 1482 eam
741 1442 832 1482 dico
858 1454 950 1496 quae
974 1440 1271 1492 substernitur)
1300 1440 1501 1495 triplicem
1532 1446 1655 1481 terrae
1682 1439 1792 1480 chla-

353 1509 479 1563 myda
498 1509 680 1564 cepisset,
701 1507 742 1548 id
759 1516 831 1555 est,
854 1513 916 1548 ter
938 1508 1122 1562 sepultus
1133 1507 1315 1561 suisset.
1366 1507 1557 1561 Namque
1576 1505 1647 1561 qui
1678 1521 1791 1561 sepe-

353 1574 512 1616 liuntur
550 1577 625 1627 γῆν
660 1573 916 1615 ἐπιέννυνται.
968 1573 1180 1628 Theognis
1207 1586 1304 1622 420.
1344 1573 1421 1613 Καὶ
1451 1577 1602 1614 κεῖσθαι
1634 1573 1791 1624 πολλὴν

354 1645 473 1694 γαῖαν
515 1639 803 1694 ἐφεσσάμενον.
855 1639 1053 1680 Simonid.
1088 1641 1173 1695 Ep.
1213 1649 1306 1693 105.
1346 1639 1464 1691 αὐτὰρ
1499 1638 1650 1692 ἐθάφθη
1688 1639 1788 1689 Ζωὴ,

355 1709 518 1760 Πιερίην
555 1710 629 1760 γῆν
668 1706 945 1758 ἐπιεσσαμένη.
1003 1705 1213 1746 Theocrit.
1247 1707 1331 1761 Ep.
1365 1719 1403 1758 9.
1443 1706 1626 1756 Ὀθνείην
1665 1710 1792 1756 κεῖμαι

357 1774 642 1826 ἐφεσσάμενος.
687 1773 912 1828 AEschylus
948 1772 990 1813 in
1022 1772 1194 1813 Anthol.
1226 1786 1266 1827 3,
1297 1783 1336 1826 5.
1367 1771 1569 1823 Τλήμονες
1594 1771 1793 1812 Ὀσσαίαν

356 1839 601 1892 ἀμφιέσαντο
634 1840 754 1879 κόνιν.
796 1838 967 1879 Anthol.
1000 1854 1040 1894 p.
1059 1851 1158 1894 312.
1188 1840 1228 1879 τί
1253 1838 1377 1879 πλέον
1408 1841 1482 1891 γῆν
1512 1840 1790 1890 ε’πιεννύμεθα;

357 1906 554 1961 Xenoph.
579 1907 734 1961 Cyrop.
758 1907 799 1955 6,
820 1917 862 1957 4,
885 1907 923 1946 6.
947 1909 1052 1957 κοινῇ
1072 1908 1146 1958 γῆν
1166 1905 1414 1946 ἐπιέσασθαι.
1454 1904 1554 1945 Vid.
1578 1905 1791 1944 Hemster-

357 1972 449 2013 hus.
470 1972 521 2012 ad
544 1972 728 2027 Hesych.
752 1973 807 2012 T.
827 1986 862 2012 1.
882 1987 924 2028 p.
945 1984 1064 2026 1352.
1085 1971 1279 2012 Valcken.
1293 1971 1343 2012 ad
1363 1970 1566 2011 Herodot.
1582 1971 1619 2011 8.
1641 1987 1681 2026 p.
1697 1972 1791 2025 630.

357 2038 581 2079 Ruhnken.
603 2039 686 2094 Ep.
708 2038 811 2079 Crit.
839 2052 873 2078 1.
894 2053 937 2094 p.
963 2051 1054 2093 119.
1077 2038 1252 2079 Dorvill.
1273 2038 1324 2079 ad
1347 2038 1503 2080 Charit.
1523 2053 1563 2094 p.
1580 2041 1678 2093 365.
1711 2039 1792 2079 Sed

356 2105 527 2161 propius
555 2105 608 2146 ad
638 2105 763 2146 nostri
784 2104 1029 2147 locutionem
1050 2105 1205 2147 accedit
1223 2104 1335 2146 istud
1357 2105 1547 2146 Hectoris
1566 2105 1678 2160 apud
1704 2106 1793 2145 Ho-

357 2187 457 2213 mer.
483 2172 533 2214 Il.
554 2177 597 2222 Γ,
618 2183 687 2227 57.
717 2173 741 2224 ἢ
760 2173 803 2214 τέ
829 2190 895 2214 κεν
913 2173 984 2224 ἤδη
1003 2173 1152 2214 Λάῖνον
1182 2173 1280 2214 ἕσσο
1305 2177 1463 2225 χιτῶνα,
1484 2172 1509 2212 i.
1530 2187 1563 2212 e.
1585 2172 1793 2226 lapidibus

355 2240 526 2280 obrutus
526 2240 711 2292 sitisses.
762 2241 955 2281 Ceterum
978 2239 1087 2280 hunc
1107 2239 1295 2293 AEschyli
1316 2239 1448 2280 locum
1468 2248 1576 2279 recte
1594 2238 1793 2279 intellexit

356 2314 397 2346 et
415 2306 671 2361 interpunxit
693 2307 742 2348 F.
774 2306 953 2347 Ursinus
971 2306 1023 2347 ad
1044 2306 1190 2361 Virgil.
1207 2308 1309 2347 AEn.
1327 2307 1365 2356 8,
1382 2308 1480 2360 564.
1501 2307 1704 2347 Nascenti
1723 2307 1791 2346 cuz‘

358 2379 440 2414 tres
469 2374 633 2414 animas
653 2374 838 2414 Feronia
858 2380 987 2414 mater
1010 2374 1302 2427 (Horrendum
1322 2374 1451 2426 dictu)
1473 2373 1653 2422 dederat,
1674 2378 1794 2413 terna

357 2453 478 2479 arma
497 2440 722 2486 movenda,·
760 2441 847 2480 Ter
866 2441 943 2480 leto
961 2440 1203 2480 sternendus
1223 2445 1325 2480 erat.
1358 2439 1586 2479 BLOMF.

416 2506 512 2546 881.
534 2505 1042 2559 ἀμφίλεκτα-προφωνῶν]
1064 2506 1278 2560 Ancipitia
1297 2506 1399 2545 mihi
1427 2506 1537 2545 mala
1565 2518 1794 2545 memorans

358 2582 398 2614 et
419 2573 472 2613 ob
492 2572 630 2613 oculos
650 2587 816 2628 ponem,
836 2588 930 2628 quae
950 2571 1130 2613 accidere
1156 2581 1334 2627 possent,
1355 2572 1562 2627 vitamque
1579 2571 1734 2612 Orestis
1752 2571 1793 2611 in

359 2654 565 2680 summum
585 2638 798 2680 discrimen
820 2638 1037 2680 adducere.
1071 2639 1204 2679 SCH.

419 2707 514 2757 884.
543 2706 695 2756 βουλὴν
719 2705 1009 2760 καταρρίψειεν]
1037 2704 1151 2746 Male
1178 2705 1252 2745 int.
1278 2705 1506 2746 Heathius:
1538 2719 1687 2745 ausum
1713 2704 1791 2744 ali-

359 2773 466 2829 quod
494 2773 832 2829 perichtaretum
865 2773 1021 2814 verius:
1060 2774 1147 2813 sive
1177 2772 1395 2828 popularis
1428 2772 1617 2828 quaedam
1649 2771 1793 2812 seditio

358 2845 546 2879 senatum
566 2840 813 2880 deturbaret.
846 2840 977 2880 SCH.

417 2904 719 2960 ὥστε-πλέον]
743 2906 864 2947 Sicut
881 2919 966 2947 mos
979 2911 1039 2947 est
1053 2905 1290 2947 mortalium
1308 2918 1399 2945 eum
1414 2904 1486 2960 qui
1503 2902 1646 2944 cecidit
1659 2903 1797 2958 magis
