1962 3224
385 182 470 224 556
859 188 1352 230 ANNOTATIONES

439 305 538 350 515.
560 297 655 350 516.
687 305 727 338 et
753 297 1031 354 antistrophici
1059 311 1156 354 524.
1179 309 1277 354 525.
1306 299 1349 340 in
1381 314 1508 341 unum
1537 313 1698 341 versum
1723 314 1818 341 con-

379 362 623 418 jungantur.

440 439 537 483 515.
559 429 772 485 οἰκτίσαιτ’]
794 430 970 472 οῖκτίσετ’
992 432 1104 473 Rob.

442 495 588 550 ἐπειδὴ]
611 497 694 537 ἐπεὶ
714 496 759 547 δὴ
780 496 883 538 Ald.

439 564 537 616 516.
557 563 697 617 πίτνει]
717 566 846 604 πιτνεῖ
860 562 965 604 libri.

439 639 537 682 517.
570 629 651 669 ἔσθ’
673 630 770 670 ὅπου
790 629 833 670 τὸ
853 630 981 671 δεινὸν
1000 628 1056 684 εὖ]
1090 629 1326 681 Scholiasta,
1349 631 1394 673 οὐ
1415 633 1594 684 πανταχῆ
1622 630 1666 671 τὸ
1686 630 1817 672 δεινὸν

384 695 539 736 ἀπεῖναι
559 700 714 748 φρενῶν
733 699 803 737 δεῖ.

437 771 534 815 519.
568 762 756 815 δειμανεῖ]
793 762 1063 803 scribendum
1093 766 1154 803 δεῖ
1180 763 1315 814 μένειν
1343 778 1436 804 cum
1468 778 1674 819 anonymo
1699 762 1812 818 apud

383 828 623 868 Dobraeum.
673 830 800 869 Hunc
819 838 860 869 et
880 829 1111 884 proximum
1132 844 1293 869 versum
1314 844 1395 870 om.
1416 830 1526 870 Rob.

435 904 534 948 520.
553 896 627 936 ὑπὸ
645 895 790 950 στένει]
810 896 1016 936 ὑποστένει
1037 896 1175 936 Guelf.
1197 895 1294 936 Ald.

435 971 532 1015 521.
563 963 619 1005 τὶς
638 962 854 1013 δὲ-σέβοι
880 963 1005 1017 δίκαν]
1036 963 1195 1003 Eadem
1225 961 1422 1003 sententia
1444 961 1552 1003 infra
1576 961 1811 1016 simplicius,

380 1036 523 1083 utpote
543 1037 659 1069 extra
678 1028 882 1069 eboricum
904 1044 1079 1080 carmen,
1098 1044 1286 1085 expressa
1304 1029 1475 1070 recurrit
1494 1044 1533 1070 v.
1552 1030 1657 1085 699:

490 1097 562 1138 Τίς
580 1098 654 1148 γὰρ
675 1098 851 1139 δεδοικὼς
869 1098 989 1147 μηδὲν
1009 1097 1155 1139 ἔνδικος
1172 1100 1351 1149 βροτῶν;
1396 1097 1526 1138 SCH.

437 1162 545 1217 φάει]
565 1164 803 1215 λαμπρότητι
823 1163 884 1203 καὶ
902 1164 1079 1215 ὀρθότητι
1098 1167 1253 1215 φρενῶν
1271 1162 1448 1218 explicat
1467 1162 1689 1205 scholiasta.
1726 1163 1808 1204 Sed

378 1242 517 1269 sensus
537 1228 615 1269 δέει
634 1228 827 1283 postulat,
846 1230 959 1284 quod
977 1229 1154 1270 restituit
1176 1228 1428 1270 Schuetzius.

432 1307 529 1349 522.
551 1296 704 1347 καρδίας
726 1296 943 1337 Canterus.
989 1297 1147 1348 καρδίαν
1165 1295 1273 1346 libri,
1293 1295 1405 1351 quod
1425 1296 1712 1337 revocandum.

432 1361 676 1416 ἀνατρέφων]
727 1362 993 1403 Scribendum
1044 1363 1093 1404 ἂν
1131 1362 1362 1415 ἀνατρέφων
1401 1377 1495 1403 cum
1543 1362 1809 1404 Lachmanno

372 1442 416 1483 P·
433 1441 503 1483 43·

430 1506 529 1549 523.
545 1494 676 1550 ἢ-θ’]
694 1495 886 1536 Notanda
897 1495 1103 1551 responsio
1118 1495 1406 1551 particularum
1419 1495 1556 1547 ἥ-τε,
1569 1495 1690 1551 cujus
1702 1497 1807 1537 anti-

373 1561 613 1616 quissimum
644 1562 875 1617 exemplum
904 1572 965 1603 est
993 1562 1105 1617 apud
1135 1563 1261 1602 Hom.
1294 1562 1346 1602 Il.
1365 1565 1410 1612 Β,
1432 1562 1526 1613 289.
1550 1562 1651 1603 ὥστε
1676 1565 1754 1615 γὰρ
1779 1562 1805 1614 ἢ

370 1631 505 1670 παῖδες
534 1629 664 1680 νεαροὶ
694 1631 815 1681 χῆραί
843 1645 886 1669 τε
920 1633 1098 1681 γυναῖκες
1122 1628 1128 1684 Ι
1154 1628 1390 1679 ἀλλήλοισιν
1423 1629 1624 1680 ὀδύρονται
1653 1628 1804 1671 οἶκόνδε

369 1694 540 1735 νέεσθαι.

424 1772 521 1816 525.
543 1762 674 1816 σέβοι]
696 1741 809 1813 σέβιεὶιι.
829 1762 895 1802 Μ.

425 1829 550 1883 δίκαν]
570 1830 675 1871 δίκας
695 1828 795 1868 Ald.
819 1829 954 1868 Turn.

424 1897 521 1948 526.
542 1895 750 1948 ἄναρκτον]
780 1895 849 1935 οὖν
871 1908 1008 1934 versus
1027 1892 1219 1948 explendi
1238 1908 1377 1934 caussa
1395 1894 1556 1936 addidit
1576 1894 1798 1947 Heathius,

365 1970 489 2012 recte,
510 1961 584 2002 nisi
615 1963 806 2013 ἄναρκτον
833 1961 937 2001 alius
965 1958 1150 2015 adjectivi
1178 1959 1470 2015 quadrisyllabi
1498 1961 1697 2016 glossema
1724 1970 1799 2004 est.

367 2029 516 2083 Neque
556 2028 662 2068 enim
701 2026 909 2083 probabile
947 2035 1007 2067 est
1040 2026 1083 2067 δέ
1125 2025 1167 2066 in
1206 2041 1325 2067 versu
1373 2026 1664 2083 antistrophico
1698 2030 1799 2084 538.

363 2094 583 2135 delendum
603 2109 703 2144 esse,
725 2108 818 2149 quae
840 2093 1094 2133 Lachmanni
1112 2092 1192 2133 fuit
1214 2092 1411 2134 sententia
1429 2108 1469 2149 p.
1489 2107 1558 2146 44.

416 2170 514 2215 529.
528 2172 627 2216 530.
647 2170 688 2202 et
707 2159 985 2215 antistrophici
1003 2170 1099 2213 540.
1115 2168 1211 2213 541.
1231 2159 1275 2200 in
1295 2173 1424 2201 unum
1444 2174 1605 2201 versum
1627 2162 1798 2218 conjun-

361 2227 499 2283 gendi.

418 2306 515 2348 529.
536 2293 651 2334 παντὶ
671 2291 876 2332 Pauwius.
905 2291 1046 2332 ἅπαντι
1064 2290 1170 2331 libri.

417 2360 525 2414 μέσῳ
555 2359 614 2413 τὸ]
643 2358 745 2412 μέτῳ
774 2358 818 2398 τὸ
847 2357 948 2398 Ald.
983 2372 1067 2412 quo
1095 2357 1194 2398 vitio
1224 2356 1420 2413 deceptus
1450 2358 1584 2399 Turn.
1614 2360 1688 2410 μὲν
1718 2360 1794 2415 ὅτῳ

360 2435 512 2547 Ροὲῑέεῒ).
550 2490 639 2532 ἀλλ’
672 2491 776 2545 ἄλλα
811 2489 1114 2531 Lachmannus.
1156 2490 1261 2530 ἄλλα
1294 2490 1401 2532 ἄλλα
1433 2489 1540 2542 libri,
1570 2491 1645 2532 nisi
1679 2492 1793 2547 quod

360 2561 466 2613 ἄλλᾳ
485 2559 591 2599 ἄλλα
611 2557 721 2597 Rob.

416 2625 447 2666 δ’
470 2623 662 2678 ἐφορεύει]
683 2622 729 2664 δι’
746 2623 925 2675 ἐφορεύει
946 2623 1010 2663 Μ.
1042 2622 1256 2674 διεφορεύει
1276 2621 1374 2663 Ald.

413 2704 510 2747 534.
532 2691 746 2741 δυσσεβίας
765 2690 985 2730 Porsonus.
1018 2689 1250 2738 δυσσεβείας
1268 2687 1373 2728 libri.

412 2767 510 2814 535.
528 2755 694 2810 ὑγιείας]
716 2757 848 2808 ὑγείας
868 2753 976 2794 Rob.

411 2826 507 2880 536.
528 2827 649 2864 πᾶσιν
670 2821 888 2863 Heathius.
918 2823 1014 2861 πᾶσι
1032 2818 1137 2860 libri.

409 2891 507 2945 538.
528 2889 603 2944 τοι]
626 2887 892 2930 Scribendum
913 2903 979 2927 σοι
998 2899 1091 2926 cum
1114 2885 1179 2926 M.
1202 2885 1298 2927 Par.
1321 2884 1462 2926 Guelf.
1485 2885 1594 2927 Rob.
