1962 3224
402 213 485 253 442
869 214 957 255 AN
965 213 1366 256 NOTATIONES

396 323 545 373 locum,
584 333 625 365 et
663 324 807 380 Virgil.
843 324 932 366 Ecl.
971 326 1010 375 8,
1042 338 1132 368 102.
1208 325 1401 381 Virgilius
1438 333 1576 366 autem
1617 323 1827 365 Theocriti

395 389 542 441 locum,
563 406 686 446 quem
716 392 942 447 exprimere
963 392 1105 441 voluit,
1126 407 1207 433 non
1238 392 1348 442 satis,
1371 401 1418 433 ut
1439 391 1597 447 opinor,
1617 390 1827 432 intellexit.

395 457 526 498 Aliud
547 469 607 498 est
629 458 839 499 Theocriti
861 459 922 511 ἂψ
941 461 983 499 δὲ
1005 459 1162 500 νέεσθαι
1188 460 1411 512 ἄστρεπτος,
1432 459 1544 500 aliud
1571 466 1708 500 autem
1731 457 1825 498 Vir-

392 523 494 579 gilii,
516 538 565 564 m’
584 527 826 580 respexeris.
860 526 1087 566 BLOMF.

454 603 545 632 100.
568 593 659 632 ἐστὲ
683 591 896 632 Stanleius.
929 592 1019 632 ἔστε
1039 591 1175 647 vulgo.

447 659 656 712 μεταίτιαι]
689 659 875 709 μεταίτιοι
903 657 1182 699 Blomfieldus.
1227 661 1272 714 τῇ
1304 661 1478 713 μεταιτία
1510 657 1635 713 Soph.
1672 657 1824 696 Trach.

391 736 487 776 447.
511 723 581 765 ubi
602 725 642 764 in
663 725 752 764 cod.
777 726 908 765 Laur.
931 726 988 764 A.
1010 724 1328 780 superscriptum
1348 727 1541 779 μεταιτίῳ.

454 801 546 844 107.
581 791 649 831 τὸν
684 790 836 831 omittit
868 790 978 830 Rob.
1040 791 1392 831 Constructionem
1429 790 1591 846 expedit
1630 790 1828 845 interpres

393 857 567 897 Graecus
579 873 591 905 ;
620 856 721 907 λέξω
743 874 808 897 σοι
825 857 896 897 τὸν
916 858 959 897 ἐκ
986 857 1131 909 φρενὸς
1158 858 1294 910 λόγον,
1318 857 1523 908 αἰδουμένη
1543 857 1612 897 τὸν
1631 856 1825 909 Ἀγαμέμ-

392 940 506 966 νονος
525 925 685 975 τύμβον,
708 924 757 966 ὡς
775 925 924 975 βωμόν.
957 924 1184 964 BLOMF.

452 1003 543 1029 111.
565 990 701 1044 αὐτὴν]
727 990 846 1040 αὐτὴν
868 989 969 1030 Ald.

452 1068 542 1098 112.
573 1055 674 1110 τᾶρ’]
708 1055 739 1096 τ’
770 1055 828 1109 ἄρ’
856 1055 918 1097 vel
944 1055 974 1095 τ’
1002 1055 1060 1108 ἆρ’
1090 1055 1208 1097 codd.
1230 1065 1269 1096 et
1290 1056 1391 1097 Ald.
1413 1056 1525 1097 Rob.
1556 1055 1591 1109 γ’
1613 1056 1670 1108 ἄρ’
1693 1056 1826 1096 Turn.

393 1122 538 1178 steph.

450 1203 542 1244 113.
563 1189 732 1245 φράσαι]
758 1191 839 1230 Per
859 1191 1061 1242 σκόπησ-ον
1080 1190 1257 1246 explicat
1277 1189 1501 1231 scholiasta.

450 1270 540 1307 114.
573 1256 723 1304 στάσις,
752 1257 910 1298 Factio.
949 1259 1097 1298 Coetzcs.
1131 1262 1159 1281 ‘⁶
1181 1257 1318 1299 στάσις
1349 1272 1423 1312 pro
1457 1258 1645 1298 σύστασις
1678 1255 1825 1296 iterum

387 1323 565 1364 occurrit
597 1339 634 1364 v,
664 1334 760 1378 451.
795 1325 971 1364 Eumen.
1001 1324 1126 1378 311.”
1156 1325 1384 1364 ABRESCH.
1427 1323 1565 1366 στάσις
1598 1332 1734 1364 autem
1766 1332 1826 1363 est

390 1405 469 1431 vox
499 1390 623 1431 choro
651 1391 827 1446 propria.
861 1391 1042 1447 Hesych.
1065 1390 1231 1434 Στάσιςε
1265 1390 1383 1434 θέσις.
1413 1392 1543 1444 χορός.
1573 1400 1614 1431 et
1635 1389 1825 1431 ‘Tuomst-

387 1474 500 1498 πιον;
532 1461 600 1499 τοῦ
618 1461 739 1511 χοροῦ
765 1461 830 1508 τῆς
856 1457 1034 1501 στάσεως
1062 1462 1184 1511 χῶραι
1214 1460 1254 1499 αἱ
1283 1459 1423 1509 ἄτιμοι.
1483 1458 1593 1508 Quin
1622 1458 1743 1498 etiam
1773 1456 1826 1497 de

387 1524 532 1579 quavis
562 1525 749 1565 societate
778 1525 939 1566 dicitur.
999 1525 1199 1577 Photius;
1236 1526 1401 1568 Στάσιςε
1435 1527 1508 1579 οὐχ
1536 1527 1559 1577 ἡ
1589 1525 1823 1579 φιλονεικία·

387 1592 477 1632 ἀλλ’
499 1592 606 1632 αὐτοὶ
626 1594 664 1632 οἳ
683 1592 973 1642 στασιάζοντες.
1008 1593 1237 1633 BLOMF.

449 1669 541 1712 117.
563 1658 762 1699 Deleatur
782 1666 982 1714 punctum
1005 1668 1096 1714 post
1122 1658 1344 1711 μεμνημένη
1373 1659 1566 1715 positum.
1625 1660 1731 1699 Nam
1762 1659 1824 1699 in-

387 1725 657 1778 terrumpitur
675 1725 787 1765 chori
808 1725 951 1766 oratio.

449 1806 541 1833 120.
572 1793 757 1843 δικαστὴν
785 1791 809 1843 ἢ
838 1792 1065 1846 δικηφόρον]
1092 1791 1227 1833 Schol.
1249 1792 1391 1844 κριτὴν,
1412 1790 1436 1843 ἢ
1455 1794 1631 1845 τιμωρόν.
1662 1794 1685 1833 ὅ
1705 1795 1826 1842 ἔστιν,

387 1861 653 1912 ἀκουσόμενον
672 1863 740 1900 τοῦ
758 1859 996 1912 πράγματος,
1018 1858 1041 1909 ἢ
1060 1859 1135 1911 πρὸ
1162 1860 1278 1909 ἆκοῆς
1306 1858 1377 1909 τὴν
1405 1860 1588 1911 τιμωρίαν
1618 1859 1823 1910 ἐπάξοντα,

387 1926 439 1968 ὦς
458 1926 735 1978 ἆναμφιβόλου
754 1926 867 1967 ὄντος
886 1928 953 1964 τοῦ
973 1928 1105 1964 κακοῦ.
1164 1925 1259 1965 Hoc
1281 1939 1399 1965 sensu
1420 1925 1596 1965 occurrit
1622 1927 1826 1978 δικηφόρος

386 1991 428 2033 in
449 1993 603 2047 Agam.
624 1992 722 2046 508.
745 1992 865 2045 1566.
900 1991 1129 2036 BLOMF.

447 2071 542 2111 124.
583 2059 766 2099 Lacunae
800 2068 936 2099 notam
971 2072 1050 2097 non
1086 2057 1283 2098 exhibent
1314 2057 1415 2099 Ald.
1445 2058 1581 2098 Turn.
1614 2067 1705 2112 post
1740 2059 1829 2110 ἐμοί

385 2126 502 2182 ponit
532 2125 824 2174 Robortellus3
866 2125 1069 2166 canterus
1098 2139 1194 2164 vero
1223 2133 1314 2180 post
1343 2125 1491 2178 χθόνιε.
1552 2123 1826 2165 Probabiliter

386 2208 483 2234 vero
520 2192 603 2233 huc
640 2192 777 2233 reduci
811 2192 932 2248 jubet
968 2193 1236 2232 Hermannus
1275 2205 1435 2231 versum
1477 2190 1549 2245 qui
1585 2205 1695 2231 nunc
1733 2201 1824 2246 post

388 2274 424 2301 v.
449 2261 542 2312 164.
563 2259 738 2314 legitur;
771 2269 896 2314 atque
914 2258 1135 2299 orationem
1156 2257 1355 2313 integram
1382 2257 1440 2297 ita
1466 2256 1702 2311 processisse
1730 2273 1824 2298 con-

379 2326 495 2382 jicit:
546 2326 674 2379 Κήρυξ
705 2326 868 2379 μέγιστε
907 2330 984 2366 τῶν
1017 2326 1097 2366 ἄνω
1130 2341 1173 2365 τε
1208 2324 1270 2365 καὶ
1309 2323 1421 2371 κάτω,
1456 2322 1667 2371 Ἀκουσον,
1701 2323 1825 2377 Ἑρμῆ

385 2394 534 2447 χθόνιε,
556 2410 589 2434 κ.
605 2410 638 2434 τ.
655 2399 695 2434 λ.
757 2397 782 2417 “
801 2394 993 2448 Apparet
1013 2391 1183 2432 verbum
1213 2392 1386 2443 κηρύξας,
1408 2389 1520 2445 quod
1542 2389 1658 2431 aliter
1677 2391 1823 2432 obscu-

384 2475 478 2500 rum
507 2460 627 2510 foret,
653 2474 762 2500 nunc
791 2459 941 2500 habere
970 2474 1054 2514 quo
1083 2458 1296 2507 referatur,
1316 2471 1541 2513 praegresso
1569 2458 1732 2499 nomine
1759 2458 1823 2509 κή-

384 2527 491 2580 ρυξ.”
548 2526 659 2567 Diss.
691 2526 743 2566 de
776 2527 890 2567 Vers.
924 2541 991 2581 ap.
1023 2524 1209 2580 AEschyl.
1245 2524 1403 2580 Spuriis
1431 2538 1526 2579 pag.
1559 2524 1610 2566 vi.
1647 2526 1822 2580 (Opuso.

385 2593 466 2634 vol.
488 2606 527 2635 2.
550 2609 591 2649 p.
613 2595 700 2647 80.)
734 2594 963 2634 BLOMF.
993 2593 1161 2633 ἄκουσον
1180 2590 1456 2647 supplendum
1476 2606 1561 2632 esse
1583 2591 1824 2632 Schuetzius

385 2661 625 2717 conjecerat.

447 2730 539 2770 126.
561 2727 746 2780 δωμάτων
768 2725 981 2767 Stanleius.
1013 2727 1046 2766 δ’
1065 2725 1247 2777 ὀμμάτων
1264 2723 1379 2765 libri:
1411 2739 1496 2780 quo
1509 2723 1609 2766 vitio
1628 2724 1824 2781 deceptus

387 2796 611 2837 Turnebus
631 2794 661 2835 δ’
683 2793 848 2835 delevit.

449 2876 538 2917 129.
560 2861 764 2916 χέρνιβας]
792 2859 963 2915 Proprie
982 2867 1043 2900 est
1063 2859 1106 2900 τὸ
1127 2859 1383 2912 ἐπιχεόμενον
1402 2858 1541 2911 χερσὶν
1558 2859 1669 2910 ὕδωρ.
1707 2858 1822 2908 Inde,

384 2931 424 2971 in
449 2945 491 2970 re
511 2927 686 2975 funebri,
709 2942 817 2983 aqua
836 2926 1026 2973 lustralis,
1047 2925 1167 2980 cujus
1187 2939 1257 2965 vas
1275 2923 1440 2980 plenum
1466 2939 1542 2980 pro
1560 2923 1717 2965 foribus
1744 2933 1822 2966 sta-
