1962 3224
557 163 647 204 AD
679 161 1213 203 AGAMEMNONEM.
1535 162 1622 207 339

150 275 252 316 θεοί.
275 273 548 316 Blomfieldus
567 277 689 316 πειθῶ
708 275 883 326 μολπᾶν,
901 273 1030 313 ἀλκὰν
1050 272 1265 324 ξύμφυτον,
1288 272 1399 321 αἰών,
1423 270 1624 312 Schuetz-

152 341 218 382 ius
246 342 368 383 πειθὼ
396 342 557 393 μολπὰν
584 342 687 395 ἀλκᾷ
723 341 928 394 σύμφυτος
958 338 1058 381 αἰέν.
1101 338 1214 379 unde
1245 337 1423 379 Bothius
1457 338 1514 380 ἔτι
1546 341 1623 392 γὰρ
1694 395 1698 398 ⁵

144 407 292 455 θεόθεν
313 410 538 450 καταπνείει
556 409 679 451 πειθὼ
698 411 860 460 μολπᾶν
880 409 983 462 ἆλκᾷ
1002 408 1200 460 ξύμφυτος
1225 407 1336 454 αἰών,
1358 420 1457 446 nam
1483 406 1623 447 adhuc

152 477 316 518 viribus
335 477 556 533 conjuncta
576 482 683 518 φίας
698 476 908 518 divinitus
922 476 1111 531 inspirat
1114 474 1328 530 fiduciam
1349 476 1623 516 canticorum.

214 544 309 585 108.
331 545 512 597 δίθρονον
533 544 690 601 κράτος]
710 545 944 600 Imperium
966 544 1161 585 binorum
1180 556 1347 600 regum.
1381 542 1476 583 Vid.
1498 558 1626 600 supra

152 611 206 652 ad
226 626 268 652 v.
289 623 363 663 42.
426 611 632 653 Stanleius
658 620 872 668 comparat
900 614 1093 664 δικρατεῖς
1111 609 1325 664 Ἀτρεῖδαι,
1348 610 1476 667 Soph.
1498 611 1624 668 Ajac.

156 692 252 734 252.
313 681 433 722 Infra.
463 682 560 724 602.
595 681 818 723 Menelaus
851 680 1005 722 dicitur
1038 683 1160 732 τῆσδε
1187 682 1260 734 γῆς
1300 681 1425 734 φίλον
1455 681 1622 734 κράτος;

154 747 310 804 ubique
339 747 449 789 enini
478 748 531 790 de
553 748 750 790 Menelao
776 748 964 805 loquitur
984 748 1229 805 AEschylus,
1250 748 1370 805 quasi
1389 763 1484 790 cum
1507 750 1626 805 Aga-

153 830 371 858 memnone
390 817 432 857 in
453 816 627 873 imperio
647 817 905 859 consociatus
923 817 1064 859 fuerit.
1097 818 1331 859 BLOMF.

210 882 432 940 Ἑλλάδος]
455 885 680 942 Adjective
700 885 872 927 dictum.

210 952 328 1007 ἥβας]
347 953 455 1005 ἥβαν
474 952 567 994 libri
590 962 631 994 et
652 953 882 996 scholiasta.
930 955 1176 996 Correctum
1199 969 1250 995 ex
1273 953 1489 1010 Aristoph.
1514 954 1624 994 Ran.

160 1033 174 1060 ι
188 1020 284 1072 284.
305 1019 378 1061 ubi
395 1020 490 1062 libri
510 1020 656 1077 optimi
674 1022 793 1073 ἥβας,
815 1021 1038 1064 deteriores
1057 1023 1177 1074 ἥβαν.

217 1100 312 1130 110.
345 1090 493 1144 ταγᾶν]
528 1089 595 1130 Fl.
627 1091 684 1130 T.
718 1089 866 1146 Steph.
900 1092 974 1132 τᾶν
1003 1093 1081 1143 ’γᾶν
1112 1091 1180 1130 Μ.
1213 1089 1315 1131 Ald.
1347 1089 1458 1131 Rob.
1500 1093 1626 1143 ταγᾶν

158 1156 296 1198 Turn.
329 1157 404 1197 τᾶν
422 1158 501 1210 γᾶν
522 1156 666 1198 Guelf.

217 1236 310 1265 111.
333 1222 500 1279 πέμπει]
522 1223 654 1276 πέμπη
674 1225 788 1266 Rob.
819 1224 953 1282 πέμπῃ
977 1225 1120 1281 Steph.

212 1291 281 1342 ξὺν
303 1290 450 1348 Steph.
477 1307 573 1333 cum
599 1293 885 1350 Aristophane
909 1294 1021 1335 Ran.
1043 1294 1167 1336 1288.
1199 1294 1275 1335 σὺν
1296 1293 1363 1335 Μ.
1384 1290 1486 1334 Ald.
1510 1291 1624 1332 Rob.

157 1357 295 1398 Turn.

213 1425 298 1478 δορὶ
328 1425 392 1466 καὶ
425 1426 515 1479 χερὶ
546 1425 750 1483 πράκτορι]
782 1428 867 1481 δορὶ
899 1428 1007 1471 δίκας
1034 1427 1223 1481 πράκτορι
1258 1427 1471 1483 (πλάκτορι
1500 1425 1626 1480 Ald.)

153 1492 248 1534 libri
269 1507 425 1534 omnes.
463 1495 709 1536 Cori-ectum
731 1511 783 1537 ex
800 1496 1021 1553 Aristoph.
1046 1497 1156 1538 Ran.
1174 1497 1297 1540 1288.
1319 1496 1429 1538 δίκας
1448 1509 1499 1536 ex
1520 1493 1628 1550 glos—

154 1570 308 1602 semate
327 1561 506 1618 irrepsit.
570 1563 812 1612 Scholiasta,
834 1567 888 1621 τῷ
910 1566 1020 1617 δίκην
1041 1564 1352 1620 εἰσπραξομένῳ.

218 1642 310 1681 114.
347 1631 497 1671 οἰωνῶν
527 1632 738 1687 βασιλεὺς]
775 1632 961 1674 Pindaro
996 1632 1120 1687 ἀρχὸς
1154 1634 1305 1674 οἰωνῶν
1335 1632 1464 1688 Pyth.
1492 1645 1527 1682 Ι,
1562 1641 1628 1688 13.

157 1698 307 1738 Horat.
332 1698 472 1740 Carm.
491 1712 533 1751 4,
554 1712 599 1751 4,
623 1713 661 1743 2.
707 1701 792 1743 Cui
812 1715 889 1742 rea·
909 1703 1081 1743 deorum
1101 1715 1285 1758 regnum
1304 1702 1352 1742 in
1372 1715 1472 1743 aves
1492 1717 1630 1760 vagas

150 1767 364 1821 permisit.
396 1767 631 1809 BLOMF.

218 1844 311 1889 115.
335 1835 452 1890 νεῶν]
475 1835 576 1877 νέων
598 1835 703 1878 Ald-

215 1902 415 1960 κελαινὸς]
462 1904 581 1945 Inter
621 1920 693 1946 sex
733 1904 969 1962 aquilarum
1008 1906 1163 1963 species
1201 1906 1255 1947 ab
1295 1906 1523 1947 Aristotele
1566 1921 1628 1948 re-

157 1970 331 2012 censitas
366 1972 427 2013 H.
458 1972 518 2012 A.
549 1986 591 2026 9,
625 1986 696 2028 32.
739 1973 872 2029 prima
910 1989 935 2015 a
974 1973 1110 2016 colore
1148 1975 1352 2028 πύγαργος
1391 1974 1503 2016 dieta
1540 1985 1625 2024 est3

158 2038 279 2080 tertia
315 2053 341 2079 a
379 2037 515 2080 colore
549 2039 694 2081 itidem
735 2042 1007 2093 μελαναίετος,
1049 2051 1091 2083 et
1131 2041 1384 2095 λαγωφόνος.
1459 2044 1528 2083 De
1565 2043 1630 2086 his

157 2106 422 2163 accipiendus
456 2115 519 2148 est
551 2107 793 2165 AEschylus.
830 2108 881 2150 ‘O
918 2107 1099 2152 κελαινός
1129 2108 1239 2150 idem
1270 2118 1331 2150 est
1360 2124 1408 2150 ac
1437 2112 1628 2162 μελαναί-

160 2188 256 2218 ετος·
307 2174 381 2231 qui
422 2190 474 2215 ex
516 2174 793 2232 descriptione
826 2176 1066 2218 Aristotelis
1101 2176 1228 2229 μέλας
1265 2177 1336 2228 τὴν
1375 2181 1529 2231 χροιὰν,
1568 2179 1630 2221 καὶ

157 2241 324 2295 μέγεθος
353 2241 578 2296 ἐλάχιστος,
609 2244 672 2285 καὶ
703 2244 910 2297 κράτιστος
939 2246 1099 2287 τούτων.
1161 2245 1277 2286 Hinc
1297 2245 1484 2287 Achilles
1513 2247 1630 2303 apud

160 2310 395 2351 Homerum
422 2308 520 2351 huic
549 2310 702 2366 aquilae
733 2321 1000 2368 comparatur
1031 2313 1087 2354 11.
1118 2316 1170 2363 Φ,
1201 2325 1298 2367 252.
1330 2315 1473 2355 Αἷετοῦ
1501 2315 1627 2367 οἴματ’

161 2377 265 2431 ἔχων
283 2376 458 2429 μέλανος
477 2381 545 2419 τοῦ
567 2382 791 2433 θηρητῆρος,
807 2378 887 2423 οΌς
906 2379 939 2422 θ’
962 2380 1042 2432 ἅμα
1063 2380 1268 2433 κάρτιστός
1297 2397 1341 2421 τε
1371 2382 1435 2422 καὶ
1466 2383 1630 2427 ὤκιστος

158 2449 369 2496 πετεηνῶν.
379 2446 724 2501 —Agamemnon
744 2446 991 2502 μελαναιέτῳ
1011 2458 1185 2503 propter
1204 2448 1510 2500 fortitudinem,
1536 2452 1628 2491 Me-

159 2512 303 2554 nelaus
328 2513 517 2569 πυγάργῳ
537 2524 818 2571 comparatur,
840 2515 958 2572 quasi
979 2514 1156 2556 imbellis
1176 2525 1216 2557 et
1241 2516 1422 2558 uxorius.
1457 2518 1626 2559 STANL.

162 2581 333 2622 Confer.
356 2582 505 2623 Tzetz.
526 2583 580 2623 ad
602 2583 814 2639 Lycophr.
839 2596 907 2639 90.
940 2584 1047 2624 Rem
1070 2583 1159 2639 ipse
1178 2583 1359 2624 illustrat
1379 2594 1501 2639 poeta
1521 2585 1630 2625 infra

165 2661 258 2690 120.
293 2663 525 2691 memorans
558 2651 627 2691 δύο
662 2650 814 2703 λήμασι
850 2650 1011 2693 δισσοὺς
1040 2649 1257 2703 Ἀτρείδας.
1321 2652 1519 2692 Ceterum
1551 2652 1630 2694 hoc

160 2723 400 2772 portentum
421 2731 499 2772 pro
518 2732 563 2757 re
583 2733 658 2758 sua
678 2717 929 2773 excogitavit
946 2716 1199 2773 AEschylus;
1233 2716 1349 2757 aliud
1365 2726 1630 2759 narraverant

162 2785 377 2825 Homerus
406 2783 448 2824 in
480 2784 640 2825 Aulide
670 2784 817 2834 visum,
851 2783 974 2825 Iliad.
998 2787 1043 2824 B.
1064 2784 1163 2838 308.
1186 2784 1352 2825 Auctor
1374 2785 1630 2841 Cypriorum

161 2867 230 2907 ap.
245 2852 440 2894 Proclum
463 2867 505 2908 p.
520 2863 620 2907 475.
641 2851 707 2893 ed.
729 2850 941 2893 Gaisford.
965 2850 1034 2892 Cf.
1050 2851 1199 2892 Tzetz.
1220 2851 1274 2892 ad
1297 2852 1513 2909 Lycophr.
1532 2865 1628 2909 203.

164 2919 395 2961 BLOMF.

838 2997 962 3027 UUZ
