1962 3224
550 163 641 204 AD
672 161 1213 205 AGAMEMNONEM.
1533 157 1619 199 363

200 274 300 329 387.
337 275 430 318 ἄκος
459 275 502 315 δὲ
533 272 806 328 παμμάταιον]
841 272 1083 330 Respicitur
1111 271 1263 328 partim
1295 270 1349 313 ad
1379 270 1546 311 divitias
1575 281 1616 312 et

144 356 245 398 opes
272 341 327 383 cf.
357 357 395 383 v.
425 341 526 398 382.
560 341 712 399 partim
749 341 802 384 ad
838 341 994 384 hostias
1029 350 1068 382 et
1105 355 1248 397 preces
1282 338 1384 380 nihil
1416 339 1616 380 adversus

144 409 356 452 interitum
378 411 645 468 profuturas:
678 410 730 452 cf.
752 426 792 453 v.
815 412 916 466 396.
952 410 1089 451 SCH.

199 477 466 535 παμμάταιον]
490 478 764 521 Scribendum
784 482 865 521 πᾶν
883 478 1053 531 μάταιον
1074 493 1169 520 oum
1193 476 1455 534 Musgravio.

200 558 300 601 391.
331 548 474 603 τρίβῳ]
509 546 672 589 Dubito
694 562 748 589 an
774 546 998 604 legendum
1029 547 1082 588 sit
1111 549 1244 601 τριβᾷ.
1307 547 1358 587 V.
1383 544 1437 587 ad
1458 560 1495 587 v.
1518 555 1610 599 197.

145 613 380 657 BLOMF.

201 699 246 726 τε
264 698 346 726 om.
369 682 438 726 Fl.

201 757 452 806 προσβολαῖς
473 753 719 794 Pearsonus.
753 756 975 806 προβολαῖς
993 752 1104 794 libri.

200 833 300 876 392.
329 820 610 877 μελαμπηγής]
638 822 722 863 Cui.
751 822 908 878 nigror
936 827 1151 864 concretus
1180 827 1253 863 est.
1314 821 1381 862 De
1412 819 1615 876 sanguine

144 888 316 946 ponitur
343 889 482 931 Theb.
505 902 528 943 7
533 903 603 946 34.
633 889 878 931 Adulterz'ni
909 891 1008 932 aerz's
1041 891 1196 941 instar,
1226 890 1382 931 attritu
1412 894 1452 930 et
1485 889 1614 930 allisa

144 958 403 1015 exploratus,
425 964 569 999 atrum
589 972 632 999 se
643 958 807 1015 prodit.
830 959 1024 1000 Senum.
1057 957 1195 1015 Atqui
1217 961 1337 1000 κακοῦ
1355 961 1509 1012 χαλκοῦ
1531 973 1612 999 non

144 1025 198 1067 de
216 1026 455 1068 adulterino
475 1040 556 1067 aere
575 1025 746 1083 accipio,
767 1026 838 1067 sed
860 1026 1102 1083 simpliciter
1121 1026 1174 1068 de
1200 1040 1286 1069 cere
1309 1025 1423 1082 quod
1445 1025 1527 1068 vile
1551 1035 1615 1067 est

146 1109 233 1151 prae
252 1108 367 1136 auro.
401 1093 615 1150 Loquitur
636 1095 686 1135 de
707 1109 789 1135 aere
809 1094 923 1150 quod
944 1109 1048 1136 auro
1067 1094 1300 1136 admixtum
1317 1104 1392 1136 est.
1418 1094 1614 1151 Theogn.

144 1175 246 1217 415.
275 1161 415 1204 Οὐδέν’
437 1164 576 1215 ὁμοῖον
597 1163 683 1215 ἐμοὶ
710 1164 878 1215 δύναμαι
898 1163 1096 1215 διζήμενος
1116 1165 1245 1216 εὑρεῖν
1267 1164 1423 1204 Πιστὸν
1444 1165 1614 1217 ἑταῖρον,

146 1230 222 1286 ὅτῳ
251 1229 306 1283 μή
332 1247 391 1274 τις
420 1230 552 1272 ἔνεστι
582 1231 710 1274 δόλος.
769 1230 839 1274 Ἐς
868 1230 1054 1283 βάσανον
1084 1230 1116 1272 δ’
1151 1232 1281 1273 ἐλθὼν
1306 1232 1614 1285 παρατρίβομαι,

146 1299 252 1340 ὥστε
279 1299 460 1354 μολίβδω
490 1300 662 1352 Χρυσὸς.
708 1298 778 1341 Cf.
806 1299 961 1356 Eurip.
983 1299 1102 1341 Med.
1124 1302 1224 1355 516.
1272 1299 1518 1356 Bacchylid.
1547 1314 1615 1356 ap.

148 1367 265 1409 Stob.
284 1381 350 1408 ΙΙ.
370 1382 412 1423 p.
431 1369 526 1423 136.
546 1368 672 1410 Λυδία
690 1368 766 1420 μὲν
785 1369 863 1422 γὰρ
890 1369 1003 1411 λίθος
1031 1370 1172 1421 μανύει
1201 1369 1366 1423 χρυσόν·
1398 1370 1552 1422 ἀνδρῶν
1581 1366 1614 1409 δ

147 1437 293 1489 ἀρετὰν
321 1437 474 1489 σοφίαν
507 1453 551 1478 τε
580 1436 808 1490 παγκρατὴς
842 1436 994 1488 ἀλήθει’
1026 1436 1201 1491 ἐλέγχει.
1264 1436 1333 1479 Sic
1372 1436 1614 1494 legendum.

147 1504 354 1547 Herodot.
377 1515 419 1559 7,
439 1519 506 1548 10.
535 1506 670 1559 ὥσπερ
699 1506 771 1547 τὸν
800 1505 953 1560 χρυσὸν
982 1505 1054 1548 τὸν
1084 1505 1293 1559 ἀκήρατον,
1315 1506 1437 1548 αὐτὸν
1460 1508 1534 1558 μὲν
1556 1506 1615 1548 ἐπ’

148 1576 294 1617 ἑωῢτοῦ
321 1575 368 1616 οὗ
397 1575 749 1629 διαγιγνώσκομεν,
772 1576 895 1617 ἐπεὰν
919 1576 963 1617 δὲ
990 1576 1303 1629 παρατρίψωμεν
1324 1575 1438 1631 ἄλλῳ
1466 1577 1616 1631 χρυσῷ,

147 1644 487 1698 διαγιγνώσκομεν
515 1642 587 1686 τὸν
616 1645 776 1696 ἀμείνω.
822 1643 918 1685 Vid.
939 1643 1112 1685 Pindar.
1136 1643 1261 1700 Pyth.
1283 1656 1350 1693 10,
1370 1654 1462 1698 105.
1487 1645 1619 1685 Creu-

149 1726 228 1753 zer.
249 1711 303 1753 ad
326 1710 480 1753 Plotin.
501 1711 555 1753 de
576 1711 717 1753 Pulcr.
739 1727 783 1768 p.
808 1714 903 1766 267.
937 1711 1212 1768 Musgravius
1237 1711 1338 1753 citat
1370 1711 1616 1768 Sophoclem

148 1795 218 1837 ap.
254 1779 468 1822 Plutarch.
502 1795 542 1837 p.
567 1781 693 1836 2069.
726 1781 854 1822 H.St.
888 1778 1047 1832 Λάμπει
1080 1782 1157 1833 γὰρ
1184 1781 1228 1821 ἐν
1258 1781 1457 1834 χρείαισιν
1485 1781 1618 1834 ὥσπερ

150 1848 312 1902 εὐγενὴς
348 1847 525 1897 Χαλκὸς,
560 1849 693 1904 χρόνῳ
725 1847 756 1889 δ’
792 1849 974 1901 ἀργῆσαν
1006 1847 1158 1900 ἤμυσεν
1190 1848 1346 1901 στέγος.
1382 1850 1615 1891 BLOMF.

151 1917 260 1958 Haec
278 1916 431 1966 omnia,
451 1931 721 1972 quamquam,
744 1926 791 1957 ut
811 1915 1038 1972 superiora,
1057 1916 1247 1957 universe
1267 1916 1391 1967 dicta,
1409 1918 1465 1959 sic
1482 1928 1618 1959 tamen

150 1983 435 2034 enuntiantur,
457 1993 504 2025 ut
531 1983 704 2040 propius
730 1983 784 2024 ad
806 1983 972 2025 Paridis
992 1999 1208 2040 personam
1240 1986 1619 2027 accommodentur.

154 2053 290 2094 SCH.

208 2133 308 2176 394.
339 2121 468 2162 διώκει
496 2125 588 2165 παῖς
619 2121 665 2176 (i.
686 2137 722 2163 e.
754 2122 804 2165 ὣς
833 2122 946 2175 παῖς)
972 2122 1146 2163 ποτανὸν
1166 2123 1296 2177 ὄρνιν]
1322 2124 1391 2164 De
1413 2122 1577 2164 Helena
1598 2139 1621 2164 a

152 2185 305 2227 Paride
343 2195 474 2243 rapta.
537 2186 650 2237 Quin
687 2187 944 2243 proverbiale
978 2198 1038 2230 est
1072 2191 1120 2230 τὰ
1159 2190 1359 2241 πετόμενα
1397 2191 1563 2237 διώκειν,
1598 2205 1622 2231 a

152 2254 329 2296 Platone
355 2264 600 2311 usurpatum
633 2255 675 2296 in
706 2256 951 2314 Euthyphr.
975 2272 1016 2313 p.
1038 2271 1079 2308 4.
1114 2258 1155 2298 τί
1182 2257 1226 2298 δέ
1242 2274 1254 2309 ;
1286 2258 1505 2310 πετόμενόν
1534 2275 1622 2300 τινα

152 2324 328 2371 διώκεις;
382 2324 559 2367 Aristot.
592 2325 784 2382 Metaph.
815 2339 856 2381 3.
892 2328 942 2367 τὰ
975 2328 1174 2379 πετόμενα
1207 2328 1373 2376 διώκειν,
1410 2327 1462 2368 de
1498 2328 1622 2370 rebus

152 2391 338 2434 obscuris
357 2402 399 2434 et
428 2409 533 2449 quas
563 2393 852 2436 difficillimum
882 2394 934 2436 sit
965 2395 1256 2452 pervestigare.
1297 2396 1464 2438 Persius
1484 2410 1527 2452 3,
1551 2398 1620 2439 61.

153 2460 223 2501 An
246 2462 411 2517 passim
434 2464 619 2518 sequeris
648 2478 792 2506 corvos
823 2469 978 2505 testave
1008 2464 1145 2505 Zutove
1161 2466 1181 2505 ἓ
1213 2465 1389 2507 Homer.
1413 2464 1464 2506 Il.
1487 2470 1530 2515 P,
1556 2477 1620 2521 75.

154 2530 211 2571 Σὺ
239 2530 313 2580 μὲν
342 2531 418 2571 ὦδε
448 2529 563 2578 θέεις,
595 2532 763 2585 ἀκίχητα
792 2533 951 2574 διώκων.
1000 2532 1095 2574 Vid.
1118 2533 1302 2590 Duport.
1324 2533 1365 2574 in
1389 2533 1428 2574 h.
1450 2535 1478 2574 1.
1519 2535 1623 2575 Pro-

153 2597 267 2639 verb.
287 2597 518 2639 Salomonis
534 2612 601 2650 10,
615 2613 657 2652 4.
681 2601 765 2648 Qui.
779 2601 938 2641 nititur
959 2601 1199 2652 mendaciis,
1220 2601 1288 2642 hic
1300 2603 1446 2657 pascit
1467 2609 1623 2654 ventos,

154 2665 261 2706 idem
282 2670 423 2706 autem
441 2667 531 2722 ipse
549 2668 740 2723 sequitur
753 2682 851 2708 aves
872 2668 1072 2709 volantes.
1096 2669 1312 2710 STANL.
1346 2670 1621 2712 proverbium

152 2732 238 2776 vid.
261 2732 392 2775 Clem.
410 2732 536 2776 Alex.
563 2735 718 2776 Strom.
739 2751 784 2791 p.
801 2747 901 2790 317.
924 2736 978 2776 B.
1023 2735 1175 2793 Eurip.
1193 2751 1261 2793 ap.
1278 2737 1396 2779 Stob.
1414 2751 1508 2782 112.
1530 2757 1623 2792 πτη-

155 2803 225 2846 νὰς
243 2802 407 2850 διώκεις,
429 2800 460 2843 ὦ
481 2801 633 2850 τέκνον,
656 2805 726 2846 τὰς
747 2804 921 2846 ἐλπίδας.
953 2804 1191 2846 MUSGR.

212 2870 387 2911 ποτανὸν
409 2869 667 2912 Schuetzius.
699 2871 852 2912 πτανὸν
874 2870 1014 2928 vulgo.
1048 2874 1201 2916 πτανόυ
1222 2872 1293 2915 τιν’
1317 2875 1371 2916 Τ.

212 2951 311 2994 395.
335 2938 479 2994 ἐνθείς]
500 2939 582 2983 θείς
602 2939 638 2980 F
642 2938 669 2981 l.

840 3020 956 3051 ZZZ
