1962 3224
413 184 498 225 554
884 187 1375 229 ANNOTATIONES

472 304 569 347 473.
591 295 844 349 κατηρτυκὼς]
868 296 993 347 φόνου
1012 295 1200 352 intelligit
1221 296 1408 338 Bothius.
1458 297 1605 352 Inepte
1623 295 1847 345 scholiasta,

415 358 564 402 τέλειος
592 360 662 410 τὴν
686 361 851 411 ἡλικίαν·
880 365 991 403 τοῦτο
1013 364 1054 404 δὲ
1075 363 1151 404 ἀπὸ
1171 367 1246 404 τῶν
1264 363 1380 419 ζῴων.
1410 364 1522 420 quod
1552 363 1651 404 nihil
1681 363 1733 404 ad
1765 377 1848 403 rem

414 423 524 466 facit.

474 492 592 548 ὅμως]
626 493 826 535 Vitiosum
858 510 942 535 esse
968 496 1069 546 ὅμως
1098 495 1384 538 animadvertit
1415 496 1623 547 Pauwius,
1645 495 1717 552 qui
1745 497 1850 547 ἐμοῖς

419 559 616 600 correxit:
648 570 767 611 recte,
798 561 873 601 nisi
903 562 1156 602 accusativus
1185 562 1331 618 aliquis
1360 562 1460 604 latet
1488 578 1581 604 cum
1613 563 1851 615 κατηρτυκῶς

417 626 672 681 conjunctus.
706 629 940 680 κατηρτυκὼς
960 630 1110 680 νόμους,
1131 629 1281 670 ritibus
1303 629 1567 685 pevflmctus,
1585 628 1848 670 Wieselerus.

418 692 677 733 Probabilius
695 693 800 735 foret
826 696 1060 747 κατηρτυκὼς
1080 696 1196 749 νόμῳ,
1219 695 1251 735 si
1271 697 1506 748 κατηρτυκὼς
1524 711 1600 751 pro
1621 694 1850 748 κατηρτυμέ-

418 773 483 800 νος
502 757 579 798 dici
600 774 717 814 posse
736 759 957 810 videretur,
978 761 1089 815 quod
1120 762 1279 816 putavit
1309 761 1549 802 Schuetzius
1568 761 1640 817 qui
1670 778 1850 813 κατηρτυ-

418 824 489 866 κὼς
509 825 610 868 ὄπως
633 826 757 877 ἱκέτης
776 827 934 882 scripsit
948 842 1041 867 cum
1066 827 1261 877 Heathio‚
1280 827 1357 868 hoc
1381 842 1513 878 sensu,
1532 827 1731 883 supplicis
1759 829 1848 868 ritu

411 890 651 931 adornatus.

468 970 565 1010 474.
586 960 685 999 Post
707 960 836 1010 δόμοις
855 960 969 1000 colon
990 960 1053 1001 vel
1073 975 1230 1001 comma
1248 970 1436 1016 ponatur.

469 1035 568 1079 475.
591 1026 691 1076 ὅμως
710 1025 741 1066 δ’
763 1027 946 1079 ἄμομφον
965 1028 1060 1067 ὄντα
1080 1027 1116 1066 σ’
1138 1029 1314 1079 αἱροῦμαι
1332 1029 1464 1082 πόλει]
1490 1029 1640 1068 Versus
1660 1026 1845 1083 spurius:

415 1105 535 1146 quem
555 1091 627 1147 qui
648 1091 806 1148 scripsit
830 1094 1008 1145 αἱροῦμαι
1039 1093 1156 1134 metri
1185 1094 1418 1134 necessitate
1444 1094 1613 1135 adactus
1642 1109 1717 1149 pro
1737 1093 1848 1148 δέχο-

413 1175 482 1209 μαι
519 1159 669 1214 posuit,
704 1159 815 1215 quod
851 1160 1090 1200 sententiam
1124 1161 1330 1216 postulare
1363 1161 1484 1201 sensit
1517 1160 1744 1212 scholiasta,
1774 1160 1847 1216 qui

414 1226 601 1280 explicat,
622 1227 783 1280 δέχομαι
805 1228 848 1267 ἐν
868 1230 912 1278 τῇ
932 1228 1060 1267 πόλει.

467 1295 565 1351 476.
587 1294 722 1346 ἔχουσι
743 1294 809 1333 Μ.
834 1293 944 1334 Rob.
978 1293 1138 1346 ἔχουσαι
1156 1292 1247 1334 libri
1268 1292 1427 1348 reliqui.

468 1364 607 1412 μοῖραν
650 1360 717 1400 οὐκ
766 1359 1027 1413 εὐπέμπελον]
1084 1359 1319 1408 Scholiasta,
1362 1362 1654 1413 εὐπαραίτητον,
1693 1361 1843 1414 εὐχερῆ,

413 1426 636 1478 εὐάρεστον.
667 1426 897 1479 δυσάρεστοι
927 1427 1046 1478 φύσει
1067 1427 1167 1467 εἰσὶν
1197 1427 1320 1467 αὗται.
1371 1427 1543 1468 Rectius
1568 1428 1844 1477 WellauerUS,

410 1493 583 1533 Harum
604 1507 700 1534 vero
720 1507 767 1533 ea
786 1499 846 1534 est
864 1494 973 1533 ratio
993 1498 1040 1533 ut
1058 1492 1281 1547 ‘nonfizcz’le
1300 1493 1455 1534 dimitti
1470 1496 1645 1549 possint.

463 1570 559 1614 477.
581 1562 784 1615 τυχοῦσαι]
814 1559 1050 1608 Scholiasta,
1073 1559 1157 1600 ἀντὶ
1178 1563 1246 1599 τοῦ
1266 1564 1479 1612 τυχουσῶν.

465 1629 563 1680 478.
594 1629 701 1682 χώρᾳ
722 1630 903 1678 μεταῦθις
923 1625 1195 1666 WellaueruS.
1238 1630 1361 1679 χῶραι
1386 1625 1466 1677 μετ’
1489 1627 1595 1669 αὖθις
1615 1627 1679 1667 Μ.
1703 1627 1842 1668 Guelf.

410 1693 510 1733 Ald.
533 1692 641 1734 Rob.
662 1702 701 1733 et
724 1693 814 1747 (qui
837 1693 958 1744 αὖτις)
982 1693 1077 1732 Par.
1108 1695 1274 1745 χωροῖεν
1294 1692 1400 1735 αὖθις
1421 1693 1555 1733 Turn.
1575 1693 1716 1748 Steph.

464 1772 562 1813 479.
583 1759 703 1814 πέδῳ]
725 1758 995 1799 Scribendum
1015 1758 1137 1799 πέδοι.
1169 1759 1219 1798 V.
1240 1757 1291 1798 ad
1314 1759 1452 1798 Prom.
1474 1770 1567 1813 749.

463 1827 558 1878 480.
582 1827 683 1867 Post
704 1827 812 1866 ἐστίν
831 1824 962 1874 colon,
983 1833 1075 1880 post
1095 1825 1298 1876 ἀμφότερα
1316 1839 1471 1866 comma
1494 1835 1682 1881 ponatur.

462 1894 559 1945 481.
584 1893 641 1947 δὲ]
661 1909 703 1933 τε
725 1891 998 1948 TyrwhittuS,
1017 1902 1139 1941 recte,
1162 1900 1208 1932 ut
1227 1891 1403 1932 videtur.

463 1958 699 2011 δυσπήμαντ’
729 1957 935 2012 ἀμηχάνως
965 1957 1070 2012 ἐμοί]
1103 1957 1248 1998 Lectio
1278 1958 1541 2014 interpolata:
1573 1974 1706 2015 neque
1734 1961 1840 2001 enim

408 2026 614 2080 ἀμηχάνως
633 2026 721 2078 ε’μοί
737 2040 811 2081 pro
831 2025 1033 2078 ἀμήχανον
1054 2026 1141 2076 ἐμοί
1157 2024 1236 2065 dici
1257 2024 1405 2080 potuit.
1437 2026 1682 2080 Cujusmodi
1700 2027 1843 2069 adver-

406 2093 520 2134 bium
541 2093 711 2134 verbum
731 2091 896 2147 aliquod
917 2091 1156 2147 postularet,
1178 2091 1290 2132 velut
1311 2092 1408 2145 ἔχει.

463 2159 699 2212 δυσπήμαντ’
722 2158 937 2200 Stanleius.
981 2157 1191 2210 δυσπήματ’
1223 2158 1330 2199 Rob.
1354 2159 1496 2214 Steph.
1540 2160 1755 2213 δυσπήμαθ’
1775 2163 1841 2204 Μ.
1916 2201 1918 2203 .

409 2227 618 2279 δυσσήματ’
638 2227 740 2268 Ald.
759 2228 894 2267 Turn.
926 2227 1173 2278 δυσποίμαντ’
1196 2227 1477 2268 Casaubonus.

464 2294 686 2348 ἀμηχάνως]
719 2293 959 2343 Scholiasta,
979 2292 1147 2344 πέμπειν
1166 2293 1282 2335 αὐτὰς
1301 2294 1491 2345 ἀμηνίτως
1517 2294 1704 2348 δυσχερές
1733 2297 1842 2338 ἐστιν

407 2362 506 2413 ἐμοί.
565 2362 635 2401 Ex
668 2375 753 2415 quo
784 2359 870 2400 haec
902 2358 1090 2414 componi
1124 2367 1258 2414 potest
1289 2359 1413 2400 totius
1451 2375 1590 2401 versus
1628 2361 1841 2418 scriptura,

406 2428 573 2479 πέμπειν
591 2444 633 2467 τε
653 2424 888 2477 δυσπήμαντ’
910 2426 1099 2477 ἀμηνίτως
1118 2426 1215 2476 ε’μοί.

461 2496 558 2547 482.
581 2493 823 2547 ἐπέσκηψεν]
846 2491 1080 2542 Scholiasta,
1101 2492 1150 2534 ὡς
1170 2490 1336 2542 σκηπτὸς
1355 2493 1538 2543 ἐτι-ἢλθεν.

464 2562 563 2615 483.
590 2561 729 2613 ὁρκίων
755 2558 1017 2612 αἱρουμένους]
1043 2557 1310 2599 Scribendum
1339 2560 1488 2611 ὁρκίους
1512 2561 1717 2613 αἱρουμένη
1745 2577 1839 2603 cum

409 2629 628 2668 Pearsono.
674 2626 911 2675 Scholiasta,
931 2626 1015 2665 οἷον
1035 2626 1214 2675 ἐνόρκους
1233 2627 1414 2668 δικαστὰς
1443 2627 1518 2679 ἐγὼ
1545 2627 1664 2678 θήσω.
1715 2629 1838 2684 Spec-

406 2702 495 2735 tant
514 2703 649 2735 autem
681 2693 768 2734 haec
797 2693 848 2733 ad
869 2692 1153 2747 Areopagum,
1171 2707 1292 2747 quem
1322 2692 1375 2733 ab
1396 2693 1586 2733 Minerva
1607 2693 1838 2735 institutum

407 2761 524 2816 fingit
546 2759 792 2816 AEschylus:
825 2759 877 2800 de
897 2774 981 2814 quo
998 2759 1097 2799 alios
1123 2759 1200 2799 alia
1222 2759 1433 2800 tradidisse
1452 2760 1662 2802 Meursius
1689 2761 1841 2818 aliique

405 2828 458 2869 de
476 2830 697 2883 Areopago
716 2826 929 2882 scriptores
947 2826 1226 2868 ostenderunt.

462 2895 558 2946 486.
581 2893 771 2948 καλεῖσθ’]
796 2892 942 2935 καλεῖθ’
964 2893 1071 2935 Rob.
