1962 3224
512 165 603 207 AD
632 163 1170 207 AGAMEMNONEM.
1489 163 1575 204 345

175 276 447 331 160—167=
461 276 701 331 168—175.

173 343 700 400 176—183=184—191.

173 422 447 466 192-204=
459 420 698 467 205—217.

172 479 699 535 218—227=228—237.

172 547 697 602 238—246=247--257·

174 615 408 659 160-162,
430 624 471 657 et
491 617 582 671 163.
601 615 695 668 164.
726 614 768 656 in
802 629 931 656 unum
953 628 1116 656 versum
1146 614 1443 672 conjungendi,
1464 617 1575 673 pari-

113 690 259 738 terque
280 683 320 724 in
341 683 615 739 antistrophe.

173 751 269 793 160.
292 751 403 800 Ζεὺς,
425 752 534 795 ὅστις
552 750 638 793 ποτ’
661 750 792 807 ἐστίν]
818 749 1006 792 solennis
1025 749 1245 792 invocandi
1266 751 1461 805 formula,
1481 768 1577 809 quae

109 833 252 860 omnes
281 818 362 871 dei,
391 818 466 875 qui
493 819 725 870 invocatur,
756 817 899 860 titulos
928 817 969 859 in
1001 834 1043 860 se
1073 819 1421 876 comprehendat:
1460 821 1578 877 quod

111 886 271 928 notavit
294 888 343 928 P.
367 886 574 929 Victorius
594 888 647 928 V.
671 887 725 928 L.
748 901 757 927 ι
768 899 811 941 3,
835 899 872 930 2.
896 887 1020 928 Plato
1041 887 1204 943 Cratyl.
1226 903 1266 943 p.
1287 900 1387 940 400.
1410 890 1463 930 E.
1495 890 1575 931 ὥσ-

111 971 186 1005 περ
207 956 253 996 ἐν
271 959 356 999 ταῖς
376 955 511 1010 εὐχαῖς
530 956 648 1007 νόμος
663 955 774 996 ἐστὶν
788 955 880 1006 ἡμῖν
895 955 1082 1009 εὔχεσθαι
1102 957 1144 997 οἵ
1159 955 1264 1000 τινές
1283 973 1327 998 τε
1348 957 1412 998 καὶ
1429 958 1578 999 ὁπόθεν

111 1023 320 1077 χαίρουσιν
350 1024 644 1075 ὀνομαζόμενοι,
676 1025 798 1063 ταῦτα
828 1023 938 1063 καὶ
919 1026 1018 1074 ημᾶς
1048 1024 1187 1067 αὐτοὺς
1219 1024 1326 1079 (τοὺς
1357 1025 1469 1069 θεοὺς
1498 1026 1575 1079 sc.)

114 1095 266 1139 καλεῖν,
296 1092 348 1135 ὡς
374 1092 479 1133 ἄλλο
509 1092 632 1143 μηδὲν
663 1092 824 1134 εἰδότας.
857 1100 898 1132 et
927 1090 969 1131 in
1002 1091 1184 1133 Phaedro
1213 1107 1255 1148 p.
1289 1102 1384 1147 273.
1418 1094 1468 1134 C.
1500 1097 1579 1147 φεῦ

110 1160 240 1202 δεινός
277 1157 314 1212 γ’
355 1158 483 1200 ἔοικεν
522 1158 868 1211 ἀποκεκρυμμένην
901 1158 1048 1213 τέχνην
1082 1160 1263 1213 ἀνευρεῖν
1302 1161 1324 1200 ὁ
1364 1162 1517 1212 Τισίας,
1554 1159 1578 1213 ἢ

113 1227 299 1278 ἄλλος,”
275 1242 385 1270 οστις
404 1225 536 1278 δήποτ’
558 1225 614 1267 ὢν
635 1225 822 1280 τυγχάνει
854 1226 918 1267 καὶ
946 1227 1093 1268 ὁπόθεν
1115 1227 1247 1281 χαίρει
1276 1228 1576 1280 ὀνομαζόμενος.

111 1295 217 1336 Eur.
242 1293 488 1351 Melanippa
506 1294 558 1336 fr.
580 1307 616 1335 1.
639 1294 750 1346 Ζεὺς,
771 1294 880 1337 ὅστις
901 1295 1026 1342 ἐστὶν,
1048 1296 1094 1336 οὐ
1119 1297 1196 1349 γὰρ
1218 1295 1319 1346 οἶδα,
1341 1295 1448 1346 πλὴν
1468 1297 1578 1351 λόγῳ

113 1363 270 1404 Κλύων.
301 1362 375 1404 ubi
394 1377 469 1404 cur
489 1363 702 1404 Porsonus
725 1361 796 1416 (ad
818 1363 953 1404 Orest.
975 1365 1092 1417 412.)
1118 1362 1272 1420 legeret
1294 1363 1404 1412 Ζεὺς,
1427 1364 1535 1408 ὅστις
1556 1366 1578 1406 ὁ

112 1432 228 1481 Ζεύς,
251 1445 418 1472 causam
447 1430 637 1472 idoneam
669 1445 751 1472 non
779 1430 912 1472 video.
937 1431 1089 1472 Bacch.
1114 1444 1207 1474 220.
1232 1433 1447 1480 Διόνυσον,
1469 1433 1580 1476 ὅστις

114 1499 214 1547 ἐστὶ,
247 1500 419 1551 τιμώσας
447 1502 593 1553 χοροῖς.
625 1499 786 1540 Danaae
813 1498 864 1540 fr.
890 1512 928 1539 Ι.
959 1500 1028 1541 τόν
1059 1498 1107 1547 θ’,
1140 1499 1187 1541 ὃν
1218 1503 1412 1542 καλοῦσιν
1442 1499 1578 1553 αἰθέρ’,

114 1568 226 1611 ὅστις
244 1567 328 1609 ε’στὶ
348 1566 405 1619 δή.
439 1565 507 1608 Sic
527 1565 636 1607 enim
657 1565 897 1622 legendum.
934 1566 1092 1608 Troad.
1117 1568 1214 1620 884.
1237 1583 1262 1609 a
1282 1567 1466 1609 Victorio
1492 1567 1581 1610 lau-

112 1634 250 1686 datus,
265 1634 409 1678 ’Όστις
434 1633 521 1676 ποτ’
541 1634 581 1676 εἶ
606 1634 670 1682 σὺ,
702 1634 976 1678 δυστόπαστος
1006 1635 1154 1677 εἰδέναι
1184 1637 1297 1680 Ζεύς.
1359 1636 1424 1678 Cf.
1460 1638 1581 1678 Stan-

112 1702 239 1744 leium
259 1713 301 1744 et
323 1702 547 1759 Spanhetn.
568 1702 622 1744 ad
644 1701 809 1744 Callim.
830 1702 956 1744 Dian.
980 1715 1020 1757 7.
1052 1705 1287 1746 BLOMF.

175 1773 269 1826 165.
294 1771 410 1827 Διὸς]
434 1772 514 1812 Δία
535 1769 637 1812 Ald.
663 1771 800 1812 Turn.

170 1840 206 1881 εἰ
224 1839 269 1880 τὸ
291 1840 515 1880 Porsonus.
547 1840 582 1881 εἷ
601 1840 690 1880 τόδε
710 1838 803 1880 libri
823 1847 975 1895 praeter
997 1840 1053 1881 T.
1076 1839 1150 1896 qui
1171 1841 1269 1894 εἴγε.

170 1907 248 1948 ἀπὸ
268 1921 363 1949 cum
383 1911 532 1960 βαλεῖν
549 1905 905 1963 conjungendum.

174 1976 268 2030 169.
290 1974 487 2030 παμμάχῳ
509 1974 648 2027 θράσει
666 1973 822 2029 βρύων]
846 1973 1075 2030 AEschylus
1101 1984 1240 2016 autem
1268 1976 1321 2017 ad
1344 1976 1511 2019 Coelum
1538 1987 1580 2020 et

115 2043 344 2084 Saturnum
364 2041 527 2092 alludit,
548 2041 662 2098 quod
682 2041 899 2083 confirmat
922 2041 1145 2084 Schutzius
1165 2059 1217 2084 ex
1240 2045 1456 2087 Prometh.
1478 2058 1577 2101 992.

114 2111 185 2153 οὐκ
205 2112 249 2152 ἐκ
268 2108 378 2152 τῶνδ’
400 2110 479 2164 ἐγὼ
502 2109 678 2154 Δισσοὺς
697 2109 909 2163 τυράννους
930 2111 1173 2155 ἐκπεσόντας
1191 2111 1372 2168 ᾐσθόμην
1391 2132 1401 2161 ;
1435 2115 1581 2167 Τρίτον

114 2180 158 2220 δὲ
177 2177 247 2220 τὸν
268 2181 340 2219 νῦν
361 2177 602 2231 κοιρανοῦντ’
619 2178 822 2231 ἐπόψομαι
838 2179 1039 2232 Αἵσχιστα
1055 2179 1120 2221 καὶ
1139 2179 1320 2235 τάχιστα.
1345 2182 1577 2224 BLOMF.

114 2245 356 2297 Scholiasta,
396 2247 418 2287 ὁ
457 2246 615 2299 Τυφώς,
648 2254 690 2287 et
728 2245 783 2286 ad
821 2260 985 2287 versum
1027 2247 1347 2303 praeeedentem,
1391 2252 1454 2292 διὰ
1492 2250 1580 2294 τοὺς

111 2314 301 2359 Τιτᾶνας.

172 2392 265 2436 170.
296 2382 411 2424 οὐδὲν
440 2381 491 2423 ἂν
518 2381 633 2433 λέξαι
664 2382 921 2425 Schuetzius.
954 2384 1070 2426 οὐδὲν
1089 2384 1203 2437 λέξαι
1232 2386 1341 2438 libri,
1364 2386 1441 2428 nisi
1462 2387 1578 2444 quod

111 2449 229 2492 οὐδέν
247 2467 285 2491 τι
309 2449 423 2501 λέξαι
444 2451 499 2491 Τ.
523 2450 670 2507 Steph.
700 2451 817 2493 οὐδὲν
845 2451 983 2505 λέγειν
1011 2462 1152 2494 autem
1184 2454 1388 2510 significat
1419 2456 1579 2498 nullius

110 2531 198 2559 esse
227 2519 435 2568 momenti,
463 2526 511 2559 ut
540 2532 606 2574 ap.
638 2518 789 2575 Eurip.
817 2518 964 2576 Suppl.
986 2530 1086 2575 595.
1119 2521 1238 2575 ἁρετὴ
1265 2521 1297 2563 δ’
1320 2523 1436 2564 οὐδὲν
1464 2523 1578 2577 λέγει

111 2589 330 2638 βροτοῖσιν,
371 2586 407 2626 εἰ
444 2585 496 2637 μὴ
535 2585 605 2627 τὸν
645 2586 739 2628 θεὸν
777 2585 955 2643 χρῄζοντ’
998 2588 1097 2643 ἔχει.
1137 2605 1261 2646 quern
1302 2591 1439 2633 locum
1480 2607 1576 2633 cum

113 2652 343 2710 AEschyleo
370 2653 624 2709 comparavit
654 2655 924 2696 Hermannus
953 2656 1007 2697 ad
1039 2657 1239 2713 Vigerum
1272 2674 1317 2715 p.
1353 2669 1451 2714 755.
1487 2660 1577 2701 οὐδὲ

110 2720 270 2772 λέξεται
289 2719 382 2773 πρὶν
403 2720 458 2761 ὤν
476 2721 650 2777 conjecit
670 2721 904 2763 Ahrensius
921 2739 930 2764 ε
963 2725 1078 2779 quod
1098 2740 1210 2767 nunc
1231 2726 1422 2782 praefero,

169 2786 245 2843 ὢν]
267 2787 318 2829 ἂν
340 2788 478 2829 Turn.

172 2866 268 2909 171.
290 2854 535 2911 τριακτῆρος]
558 2856 812 2912 Metaphora
841 2873 892 2899 ex
923 2859 1118 2915 palaestra
1147 2859 1351 2903 desumta.
1398 2862 1576 2905 Photius

108 2932 150 2965 et
185 2922 350 2973 Suidas,
380 2926 626 2978 Τριαχθῆναι
654 2923 846 2978 λέγουσιν
876 2928 914 2968 οἶ
943 2927 1233 2981 παλαιστρικοῖ,
1270 2930 1356 2972 ἀντὶ
1391 2935 1460 2972 τοῦ
1494 2932 1576 2984 τρὶς

797 3006 879 3033 xx
