1962 3224
631 146 721 189 AD
753 142 1112 188 SUPPLICES.
1524 137 1609 179 585

206 271 301 314 149.
328 267 423 314 150.
455 255 700 306 Scholiasta,
722 255 812 297 ἀντὶ
830 258 900 295 τοῦ
918 252 1108 307 ῥυσάσθω
1138 251 1162 303 ἡ
1189 248 1385 303 παρθένος
1412 248 1513 300 ἡμᾶς
1542 248 1611 289 τὰς

142 325 376 379 παρθένους.

206 403 298 450 155.
334 391 358 445 ἢ
390 394 597 435 διόκτυπον
631 390 743 432 Rob.
779 388 926 446 steph.
968 388 1202 440 ἡδιόκτυπον
1234 385 1302 425 Μ.
1337 383 1438 425 Ald.
1471 383 1610 423 Turn.

144 463 277 503 Recte
297 460 351 502 ab
372 459 615 501 Wellauero
635 456 900 500 emendatum
921 455 1172 508 ἡλιόκτυπον.
1225 451 1431 493 Deleatur
1450 463 1613 491 comma

143 538 238 587 post
256 529 374 583 γένος
391 527 590 584 positum.

206 598 299 651 156.
339 597 553 650 τοῦγγαιον
592 593 712 636 lectio
757 590 937 635 absurde
981 589 1232 647 interpolata
1269 588 1323 630 ab
1364 588 1519 637 Turn„
1559 585 1614 627 ab

138 664 291 720 steph.
324 662 497 719 aliisque
528 670 769 719 propagata.
802 661 986 702 τόνταιον
1006 659 1074 699 Μ.
1107 656 1253 699 Guelf.
1275 655 1379 697 Ald.
1412 654 1483 696 τὸν
1502 655 1614 695 ταίον

147 733 243 773 Par.
276 732 346 773 τόν
375 731 488 772 ταιὸν
519 730 651 772 codex
681 727 930 777 Robortelli,
960 726 1033 782 qui
1064 725 1153 782 ipse
1187 739 1240 766 ex
1273 723 1514 778 conjectura
1544 721 1615 763 τὸν

145 799 271 854 ταγὸν
290 798 433 841 edidit.
462 799 533 840 τὸν
552 800 719 852 ἆγραῖον
733 795 920 853 Etymol.
935 794 1123 837 Gudian.
1143 808 1185 850 p.
1202 804 1302 846 227,
1318 804 1390 845 42.
1411 798 1453 832 et
1472 804 1612 846 gram-

149 867 323 908 maticus
341 866 383 908 in
406 866 592 909 Crameri
614 864 778 907 Anecd.
802 865 942 906 Oxon.
962 862 1042 904 vol.
1066 874 1105 905 2.
1136 876 1179 918 p.
1195 874 1297 916 443,
1323 873 1389 902 12.
1413 858 1524 899 unde
1545 857 1617 898 τὸν

150 934 311 989 Ζαγρέα
329 934 590 977 scribendum
617 933 835 976 videbatur
855 930 1104 973 Blomfieldo
1123 929 1167 971 in
1190 927 1403 971 Glossario
1422 926 1476 968 ad
1500 927 1616 982 Sept.

150 1018 187 1044 c.
219 1002 361 1044 Theb.
390 1003 487 1058 858.
517 1001 624 1044 male
653 999 872 1043 intellectis
896 998 1156 1056 grammatici
1190 997 1244 1038 de
1271 997 1436 1052 Zagreo
1467 993 1616 1035 verbis.

151 1071 306 1113 Veram
330 1071 573 1128 scripturam
590 1071 662 1112 τὸν
680 1070 798 1124 γάϊον
818 1068 999 1110 restituit
1016 1066 1301 1108 Wellauerus.
1332 1063 1403 1105 τὸν
1425 1063 1619 1117 καταχθό-

152 1156 240 1181 νιον
253 1138 395 1192 ’Ἃιδην
414 1138 614 1196 explicuit
634 1137 863 1179 scholiasta.
916 1136 1140 1178 Plutonem
1171 1134 1286 1184 dicit,
1308 1134 1381 1189 qui
1413 1132 1513 1175 Ζεὺς
1542 1134 1620 1173 τῶν

153 1208 398 1260 κεκμηκότων
419 1217 602 1248 vocatur.
634 1206 732 1249 Ζεὺς
753 1206 1012 1259 καταχθόνιος
1031 1219 1099 1260 ap.
1122 1204 1300 1244 Homer.
1323 1201 1374 1243 Il.
1398 1205 1431 1252 I,
1450 1211 1550 1255 457.

214 1286 311 1330 157.
336 1275 429 1328 158.
451 1283 492 1316 et
519 1286 612 1328 171.
639 1284 733 1327 172.
753 1271 1048 1328 conjungendi.

215 1343 310 1398 158.
332 1343 461 1400 Ζῆνα]
486 1343 566 1383 Δία
585 1340 842 1397 grammatici
864 1339 987 1381 modo
1006 1339 1136 1381 citati.

216 1412 309 1454 162-
341 1411 367 1451 ἃ
387 1409 496 1461 Ζῆν’,
514 1409 616 1453 Ἰοῦς
636 1410 682 1450 ἰὼ
703 1407 1002 1464 Bernhardyus
1020 1407 1062 1448 in
1084 1406 1190 1448 libro
1209 1406 1262 1447 de
1283 1405 1446 1462 syntaxi
1470 1405 1622 1446 Graeca

154 1493 196 1536 p.
217 1491 311 1533 134.
332 1478 562 1529 ὰζηνιουσίω
579 1478 648 1518 M.
671 1477 771 1518 Par.
801 1476 910 1529 ἆζηνὶ
930 1476 1051 1517 οὖσίω
1066 1474 1210 1517 Guelf.
1231 1473 1334 1515 Ald.
1368 1474 1478 1525 ἄζηνι
1499 1489 1621 1514 ουσιω

153 1545 286 1588 codex
318 1544 566 1596 Robortelli‚
602 1544 676 1601 qui
711 1546 741 1586 ὦ
773 1549 851 1586 Ζεῦ
885 1543 999 1591 Ἰοῦς,
1036 1544 1080 1584 ἰὼ
1110 1558 1163 1584 ex
1198 1542 1438 1598 conjectura
1476 1539 1622 1590 edidit,

155 1614 331 1670 repetita
350 1613 404 1655 ab
425 1612 570 1670 Steph.
591 1612 622 1654 ὦ
644 1616 723 1654 Ζεῦ
745 1614 861 1654 ἰοῦσα
882 1612 1018 1652 Turn.
1056 1609 1332 1652 Scribendum
1355 1610 1380 1649 ἃ
1402 1611 1500 1658 Ζᾶν,
1519 1606 1623 1650 Ἰοῦς

156 1682 202 1723 ἰὼ
226 1697 321 1723 cum
350 1681 645 1738 Bambergero.
705 1681 766 1721 Et
795 1679 852 1721 sic
873 1679 963 1735 jam
997 1677 1206 1720 Salvinius
1234 1677 1350 1734 apud
1382 1675 1622 1725 Butlerum,

157 1749 235 1791 nisi
254 1749 369 1806 quod
391 1749 473 1802 Ζήν
494 1748 687 1791 servavit.

220 1819 315 1872 163.
335 1816 528 1871 μάστειρ’]
555 1818 640 1858 Pro
658 1816 912 1868 μαστίκτειρα
931 1813 1135 1870 accepisse
1155 1813 1321 1855 videtur
1340 1812 1570 1863 scholiasta,
1593 1811 1624 1853 ὦ

160 1888 251 1933 Ζεῦ,
273 1885 298 1937 ἡ
319 1887 426 1938 παρὰ
439 1888 518 1926 τῶν
532 1887 633 1926 θεῶν
646 1886 759 1936 μῆνις
774 1885 873 1924 κατὰ
885 1882 988 1926 Ἰοῦς
1004 1882 1090 1922 ἐστὶ
1110 1881 1388 1935 μαστιγωτική.
1419 1878 1622 1933 μνάστειρ’

159 1954 407 1994 Pearsonus.

217 2022 262 2062 ἐκ
281 2019 399 2075 θεῶν]
421 2019 548 2061 ἐκθέει
568 2019 828 2062 Schuetzius.

222 2090 316 2141 164.
339 2091 464 2129 κοννῶ
483 2086 515 2128 δ’
538 2087 656 2143 ἄταν]
680 2087 875 2144 Agnosco
893 2092 1031 2128 autem
1049 2100 1218 2136 noxam,
1239 2085 1284 2125 h.
1305 2100 1341 2126 e.
1360 2084 1462 2125 iram
1490 2083 1626 2140 perni-

160 2156 326 2207 ciosam,
346 2157 378 2196 J
379 2155 467 2196 ovis
485 2156 696 2212 conjugis,
715 2156 895 2196 omnium
917 2154 1142 2196 caelestium
1161 2154 1408 2194 numinibus
1425 2155 1626 2209 potentio-

162 2238 262 2265 rem.
308 2223 497 2280 Hesych.
519 2227 689 2265 Κοννεῖν
709 2221 901 2270 συνιέναι,
930 2222 1181 2270 ἐπίστασθαι,
1202 2232 1244 2263 et
1273 2223 1483 2267 Κοννοῦσι,
1506 2222 1625 2274 γινώ-

161 2307 318 2332 σκουσι.
348 2292 482 2333 SCH.
535 2290 784 2332 κοννωδάταν
810 2291 877 2331 Μ.
899 2289 979 2331 Ph.
1001 2289 1105 2331 Ald.
1127 2291 1238 2331 Rob.
1291 2287 1533 2338 Scholiasta,
1556 2288 1627 2339 τὴν

160 2361 228 2410 τῆς
247 2357 379 2411 Ἤρας
405 2361 473 2410 τῆς
501 2359 546 2399 ἐν
577 2359 735 2413 ἀνδρείᾳ
766 2359 933 2410 νικώσης
961 2356 1113 2401 πάντας
1137 2357 1228 2400 τοὺς
1253 2358 1297 2398 ἐν
1321 2356 1474 2411 οὐρανῷ
1498 2356 1643 2399 θεούς..

163 2425 227 2467 καὶ
247 2425 309 2479 ἐφ’
330 2427 430 2478 ἡμᾶς
450 2427 520 2468 οὖν
541 2426 722 2479 ἔφθασεν
740 2426 764 2477 ἡ
784 2429 898 2478 μῆνις
917 2428 984 2478 τῆς
997 2424 1146 2479 Ἥρας.

220 2495 391 2546 γαμετᾶς
429 2493 683 2546 οὐρανόνικον
717 2494 942 2536 Porsonus.
993 2492 1396 2547 γαμετουρανόνεικον
1433 2491 1494 2532 Μ.
1528 2491 1625 2531 Par.

165 2561 310 2602 Guelf.
345 2560 458 2601 Rob.
508 2559 642 2613 γάμετ’
677 2561 952 2614 οὗρανονείκου
991 2560 1094 2602 Ald.
1140 2562 1313 2613 γαμετᾶς
1351 2558 1628 2613 οὐρανονείκου

164 2628 306 2669 Turn.
329 2627 474 2683 Steph.

229 2697 319 2750 165.
350 2696 755 2750 χαλεποῦ-χειμὼν]
778 2696 815 2736 Α
843 2695 1070 2738 vehementi
1099 2695 1211 2736 enim
1234 2694 1418 2750 procella
1447 2693 1629 2734 excitata

157 2763 348 2819 procedit
374 2762 462 2804 Izaec
487 2768 720 2818 tempestas,
747 2762 786 2803 h.
808 2778 843 2803 e.
876 2762 1072 2818 pericula,
1097 2777 1194 2818 quae
1221 2776 1297 2802 uos
1329 2770 1494 2816 urgent,
1524 2759 1630 2802 adeo

163 2830 307 2887 gravia
328 2839 439 2882 sunt,
459 2840 507 2871 ut
526 2829 640 2871 haud
661 2829 748 2871 sine
767 2829 859 2871 irati
879 2829 1056 2886 alicujus
1077 2829 1260 2870 numinis
1284 2829 1458 2886 ejusque
1483 2838 1629 2886 poten-

166 2897 310 2940 tissimi
330 2898 371 2940 vi
390 2907 432 2939 et
451 2897 620 2940 consilio
640 2897 845 2940 concitata
864 2897 1097 2940 videantur.
1131 2898 1263 2940 SCH.

859 2981 936 3020 4ss
