1962 3224
354 188 437 229 356
809 179 1321 250 *ANNOTATIONES

353 300 564 352 ἡμερησίην
583 301 676 341 ὁδὸν
697 301 863 352 ἑκάστην
884 303 1121 355 τεταγμένοι·
1153 304 1240 347 τοὺς
1260 305 1347 345 οὔτε
1364 304 1530 356 νίφετος,
1550 304 1617 345 οὐκ
1633 306 1790 356 ὄμβρος,

353 366 397 406 οὐ
418 369 553 418 καῦμα,
576 367 620 407 οὐ
641 368 707 418 νὺξ
735 367 860 420 ἐέργει
888 369 940 419 μὴ
970 370 1014 410 οὐ
1045 371 1256 411 κατανύσαι
1286 370 1354 411 τὸν
1383 371 1636 423 προκειμένου
1667 373 1793 426 ἑωῦτῷ

352 433 494 484 δρόμον
515 433 584 483 τὴν
604 435 805 487 ταχίστην.
835 435 855 473 ὅ
877 436 950 486 μὲν
970 435 1015 486 δὴ
1035 440 1183 488 πρῶτος
1203 437 1357 488 δραμὼν
1377 440 1583 489 παραδιδοῖ
1608 439 1655 478 τὰ
1687 439 1791 478 ἐντε-

350 497 526 549 ταλμένα
545 502 596 554 τῷ
618 500 792 555 δευτέρῳ.
825 503 845 541 6
868 503 909 542 δὲ
937 503 1111 554 δεύτερος
1138 506 1189 558 τῷ
1218 505 1339 558 τρίτῳ.
1371 503 1415 543 τὸ
1446 504 1488 543 δὲ
1519 505 1697 544 ἐνθεῦτεν
1719 504 1790 555 ἤδη

350 563 429 605 κατ’
452 566 578 606 ἄλλου
599 565 836 620 διεξέρχεται
862 570 1161 620 παραδιδόμενα,
1185 569 1354 622 κατάπερ
1378 568 1554 621 ’Έλλησι
1579 571 1602 621 ἡ
1631 575 1786 621 λαμπα-

351 631 529 683 δηφορίη,
560 632 629 682 τὴν
659 636 711 686 τῷ
741 632 950 689 <Ηφαίστῳ
982 635 1237 676 ἐπιτελέουσι.
1284 639 1395 676 τοῦτο
1426 636 1469 676 τὸ
1501 636 1677 688 δράμημα
1712 640 1788 676 τῶν

349 698 476 738 ἵππων
498 698 682 739 καλέουσι
704 699 858 751 Πέρσαι
878 701 1103 754 ἀγγαρήϊον.
1137 703 1366 743 BLOMF.

410 764 501 817 283.
522 762 710 816 Ἑρμαῖον
729 765 853 808 λέπας
872 766 1044 821 Λήμνου]
1065 766 1252 820 Ἑρμαῖον
1268 770 1357 821 ὅρος
1373 768 1521 809 Lemni
1542 777 1790 809 memoratur

350 829 402 870 ab
425 830 550 885 Soph.
576 831 750 872 Philoct.
773 845 891 886 1459.
925 834 1144 875 STANL.

411 896 503 948 284.
529 897 654 937 πανὸν
676 898 916 939 Athenaeus.
948 899 1077 951 φανὸν
1102 900 1209 940 libri.
1244 906 1271 925 ‘⁶
1294 901 1448 941 Athen.
1468 912 1532 956 15.
1553 917 1592 957 p.
1617 912 1712 955 700.
1735 902 1788 941 E.

352 961 486 1005 Πανὸς
518 963 548 1003 δ’
581 963 808 1015 ὀνομάζεται
837 966 881 1005 τὸ
917 967 1217 1018 διακεκομμένον
1248 969 1377 1017 ξύλον,
1408 970 1470 1009 καὶ
1500 968 1788 1020 ξυνδεδεμένον·

352 1030 472 1083 τούτῳ
508 1029 539 1069 δ’
573 1031 743 1083 ε’χρῶντο
780 1032 861 1083 (ὡς)
897 1032 1082 1083 λαμπάδι.
1125 1033 1354 1086 Μένανδρος
1383 1034 1791 1089 Ἀνεψιοῖς-εἰσιὼν

352 1095 502 1144 Πανόν,
525 1098 687 1150 λύχνον,
709 1101 945 1151 λυχνοῦχον,
974 1100 997 1139 ὅ
1025 1116 1061 1139 τι
1089 1100 1253 1152 πάρεστι
1282 1105 1366 1152 φῶς
1386 1103 1537 1151 Μόνον,
1559 1102 1660 1143 πολὺ
1688 1107 1794 1143 ποιεῖ

350 1160 579 1212 -Δίφιλος
600 1163 819 1217 Στρατιώτῃ
834 1161 1000 1203 -Ἀλλ’
1024 1165 1044 1203 6
1065 1164 1187 1207 πανὸς
1205 1166 1341 1208 ὕδατός
1362 1168 1446 1207 ε’στι
1465 1169 1618 1219 μεστός.
1651 1169 1789 1220 πρότε-

349 1241 416 1276 ρος
451 1226 492 1266 δὲ
524 1228 669 1268 τούτων
705 1229 903 1281 Αἰσχύλος
939 1230 983 1269 ἐν
1019 1228 1283 1282 Ἀγαμέμνονι
1319 1231 1507 1284 μέμνηται
1545 1238 1613 1275 τοῦ
1652 1236 1789 1274 πανοῦ.

351 1292 575 1348 Phrynich.
600 1296 759 1350 Appar.
790 1295 967 1350 Sophist.
992 1311 1036 1351 p.
1063 1310 1130 1350 50.
1152 1297 1215 1338 ed.
1239 1298 1413 1340 Bekker.
1446 1301 1583 1352 φανὸς,
1615 1300 1790 1353 φάκελός

350 1376 466 1401 τινων
486 1361 764 1413 συνδεδεμένος
786 1362 848 1402 καὶ
866 1362 1046 1414 ἡμμένος·
1079 1363 1100 1404 ὃ
1121 1365 1183 1405 καὶ
1202 1367 1265 1405 διὰ
1285 1370 1351 1406 τοῦ
1363 1383 1402 1406 π.
1426 1367 1611 1408 Photius.
1635 1368 1787 1408 Πανόν.

351 1426 427 1466 ἀπὸ
462 1431 528 1467 τοῦ
558 1428 686 1469 πάντα
715 1430 871 1481 φαίνειν
902 1430 1230 1483 σχηματισθέντα,
1264 1435 1360 1473 κατὰ
1388 1434 1616 1485 μεταβολὴν
1646 1438 1714 1474 τοῦ
1744 1440 1786 1486 φ.

351 1496 559 1546 Σοφοκλῆς
577 1494 743 1547 Ἑλένης
761 1495 885 1550 γάμῳ.
909 1497 1062 1549 (omisit
1078 1497 1279 1552 Brunck.)
1313 1499 1456 1548 Idem;
1491 1502 1634 1544 Πανός.
1667 1501 1789 1552 ὃεσμὴ
1850 1544 1852 1546 .

352 1562 605 1611 κληματίδων.
639 1564 676 1602 οἱ
703 1563 744 1603 δὲ
772 1564 950 1615 νεώτεροι
977 1562 1147 1605 Ἀττικοὶ
1176 1566 1318 1617 φανόν.
1347 1565 1645 1620 Ἀριστοφάνης.
1678 1568 1786 1623 (Ly-

352 1626 458 1667 sistr.
477 1629 597 1681 308.)
659 1629 872 1670 Consentit
893 1630 1086 1671 Eustath.
1107 1631 1158 1671 ad
1183 1631 1300 1672 Iliad.
1322 1633 1373 1674 Τ.
1395 1648 1436 1688 p.
1458 1635 1578 1688 1189,
1601 1647 1667 1689 23.
1719 1635 1786 1676 Cf.

350 1694 548 1735 Ammon.
570 1695 656 1736 diff.
681 1697 779 1737 Voc.
804 1711 840 1737 v.
859 1701 1093 1751 λυχνοῦχον.
1121 1707 1161 1738 et
1190 1698 1313 1739 schol.
1335 1700 1550 1756 Aristoph.
1572 1703 1668 1742 Pac.
1693 1703 1787 1754 841.

352 1760 503 1801 Pollux
525 1775 588 1811 10,
611 1775 703 1815 117.
734 1778 785 1804 ex
815 1763 1029 1819 Euripidis
1060 1764 1259 1805 Alcmena
1288 1766 1386 1807 citat
1414 1768 1549 1808 Πόθεν
1578 1770 1620 1808 δὲ
1649 1770 1787 1820 πεύκης

350 1827 476 1868 πανὸν
505 1828 658 1881 ἐξεῦρες
687 1834 857 1881 λαβεῖν;
920 1831 1183 1872 Recentiores
1206 1832 1344 1874 Graeci
1373 1833 1502 1886 φανὸν
1522 1833 1710 1875 dicebant
1735 1834 1787 1875 de

349 1893 517 1935 laterna.
568 1896 703 1936 Gloss.
741 1897 902 1938 Philox.
939 1900 1079 1940 Φανός.
1113 1899 1307 1940 Laterna.
1369 1900 1436 1941 Cf.
1469 1900 1621 1942 Thom.
1654 1902 1717 1941 M.
1748 1917 1786 1941 V.

350 1961 486 2012 φανός.
527 1962 672 2003 Galen.
693 1964 850 2019 Expos.
872 1965 968 2005 Voc.
992 1965 1196 2020 Hippocr.
1219 1981 1257 2007 v.
1285 1966 1478 2019 λαμπτήρ.
1502 1967 1682 2008 Pierson.
1706 1969 1786 2009 Ve-

350 2027 504 2069 risimil.
526 2044 568 2084 p.
588 2043 630 2082 4.
653 2032 856 2072 VVetsten.
879 2032 932 2072 ad
953 2033 1008 2072 N.
1024 2033 1075 2073 F.
1098 2032 1177 2073 vol.
1197 2047 1233 2074 1.
1255 2037 1296 2074 P.
1319 2035 1438 2087 946.''
1468 2035 1698 2076 BLOMF.

408 2096 503 2150 285.
532 2096 616 2137 Hic
637 2112 776 2138 versus
802 2098 996 2139 laudatur
1014 2098 1055 2139 in
1084 2099 1208 2140 schol.
1231 2100 1382 2141 Victor.
1403 2101 1455 2142 ad
1477 2101 1598 2142 Iliad.
1620 2104 1668 2145 Ξ.
1692 2115 1786 2155 229.

344 2161 501 2203 ’Άθωον
519 2162 611 2203 libri
631 2179 784 2205 omnes.
843 2166 936 2206 Iota
956 2165 1123 2221 subjeci,
1145 2167 1419 2221 grammaticis
1438 2167 1666 2209 obsecutus.
1695 2170 1784 2209 Eu-

351 2228 472 2269 stath.
494 2229 545 2269 ad
570 2229 688 2272 Iliad.
712 2235 757 2271 B.
781 2246 821 2286 p.
838 2244 862 2286 3
866 2234 934 2285 58,
956 2244 1024 2284 42.
1048 2233 1170 2275 ἇθῶος
1187 2234 1260 2284 μὲν
1279 2235 1353 2286 γὰρ
1381 2236 1477 2275 κατὰ
1500 2237 1619 2283 τινὰς,
1642 2253 1784 2288 προπε-

349 2295 613 2346 ρισπωμένως,
635 2298 655 2337 6
677 2297 841 2348 ἀζήμιος.
873 2298 968 2340 Ζεὺς
991 2299 1033 2339 δὲ
1047 2297 1211 2353 νΑθῳος,
1232 2299 1588 2352 προπαροξυτόνως,
1611 2303 1631 2342 ὁ
1661 2303 1704 2343 ἐν
1732 2306 1785 2357 τῷ

345 2360 454 2416 Ἀθῳ
472 2363 696 2413 τιμώμενος,
718 2365 776 2411 ὅν,
799 2366 937 2416 φασίν,
960 2366 1043 2405 ε’στι
1064 2366 1125 2406 καὶ
1145 2365 1311 2407 Ἀθώϊον
1326 2369 1422 2407 κατὰ
1441 2369 1629 2420 διαίρεσιν
1647 2371 1784 2420 εἰπεῖν,

352 2429 492 2479 ὁμοίως
511 2430 562 2484 τῷ
584 2431 721 2482 ἄρειος,
745 2430 887 2482 ἀρήϊος.
920 2433 1016 2472 κατὰ
1039 2431 1173 2483 μέντοι
1204 2432 1368 2485 ἑτέρους,
1390 2435 1443 2474 ὧν
1464 2436 1548 2475 ἐστὶ
1578 2436 1639 2476 καὶ
1658 2434 1786 2488 Ἡρω-

352 2494 494 2542 διανὸς,
518 2495 725 2537 ἀνάπαλιν.
758 2498 778 2536 6
807 2498 880 2548 μὲν
908 2499 1013 2550 παρὰ
1041 2498 1109 2539 τὸν
1133 2497 1279 2549 ”Αθων,
1304 2500 1399 2543 Ζεὺς
1426 2499 1585 2556 Ἀθῷος,
1608 2519 1787 2556 προπερι-

354 2562 626 2613 σπασθήσεται
646 2565 742 2604 κατὰ
760 2564 804 2603 τὸ
824 2564 933 2615 ἥρως,
951 2565 1085 2620 ἡρῷος,
1103 2567 1250 2613 Μίνως,
1269 2570 1439 2621 Μινῷος,
1458 2568 1600 2621 γάλως,
1618 2572 1786 2625 γαλῷος.

352 2627 397 2668 τὸ
418 2630 460 2669 δὲ
481 2629 614 2682 ἕτερον
632 2630 1050 2682 προπαροξυνθήσεται.
1111 2632 1271 2673 Ibidem
1292 2633 1441 2675 citatur
1460 2650 1509 2675 ex
1533 2636 1787 2693 Thamyride

356 2695 595 2751 Sophoclea,
618 2699 811 2752 Θρῇσσαν
831 2700 998 2739 σκοπιὰν
1019 2698 1143 2750 Ζηνὸς
1161 2698 1324 2755 Ἀθῴου.
1359 2702 1587 2744 BLOMF.

413 2763 506 2803 286.
527 2763 756 2818 ὑπερτελής]
779 2764 909 2817 ὕπερθ’
925 2764 1077 2817 ’Έλλης
1098 2767 1206 2808 Rob.
1236 2769 1346 2821 ὑπεὶρ
1364 2768 1488 2821 ’Έλης
1509 2771 1563 2812 Τ.
1587 2772 1708 2823 (cum.
1728 2770 1786 2826 gl.

354 2830 449 2881 ὑπὲρ
469 2829 537 2870 τὸν
554 2829 872 2884 Ἑλλήσποντον)
899 2832 1042 2888 Steph.

409 2897 639 2953 ὑπερτελής]
664 2900 746 2945 Qui
766 2905 946 2954 superat.
968 2914 1114 2956 nempe
1124 2902 1309 2955 fretum.
1337 2903 1432 2955 ὑπὲρ
1452 2902 1495 2943 τὸ
1517 2903 1628 2946 τέλος
1650 2904 1786 2956 ἀφικό-
