1962 3224
662 711 1422 769 CHOEPHORAE2.

900 873 1187 906 —...‘.....-.

872 998 1215 1062 Aryumentum.

325 1121 789 1177 AGAMEMNONE
819 1151 924 1179 caeso
949 1138 1057 1180 filius
1084 1139 1173 1195 ejus
1193 1139 1357 1179 Orestes
1383 1151 1466 1178 una
1483 1151 1576 1177 cum
1599 1136 1756 1192 Pylade

326 1201 465 1256 Argos
490 1215 674 1242 reversus
703 1216 832 1243 unum
861 1218 988 1246 comae
1017 1205 1247 1246 cincinnum
1271 1203 1427 1245 Inacho
1447 1202 1587 1252 fluvio,
1608 1203 1758 1258 gratias

325 1281 402 1322 pro
431 1267 653 1309 nutritione
682 1269 897 1319 relaturus,
923 1271 1095 1312 alterum
1128 1271 1168 1311 in
1201 1270 1327 1326 patris
1363 1269 1522 1311 tumulo
1552 1269 1684 1311 luctus
1715 1279 1755 1310 et

324 1332 488 1374 honoris
516 1349 638 1375 causa
666 1345 807 1377 sacrat.
866 1337 1059 1378 Eundem
1087 1337 1137 1378 ad
1163 1337 1367 1378 tumulum
1388 1336 1573 1377 convenit
1590 1335 1757 1376 Electra

323 1414 416 1440 cum
447 1400 614 1450 ancillis,
642 1401 793 1456 quibus
814 1402 1141 1458 Clytaemnestra,
1162 1403 1340 1444 infausto
1369 1403 1524 1443 somnio
1549 1402 1754 1453 exterrita,

324 1465 401 1507 hoc
421 1466 572 1522 negotii
592 1467 772 1519 dederat,
795 1477 840 1509 ut
860 1469 1090 1524 sepulcrum
1122 1469 1228 1524 regis
1252 1484 1389 1510 manes
1417 1469 1506 1524 ejus
1534 1468 1756 1524 placaturae

322 1532 477 1574 inferiis
496 1533 751 1574 honorarent.
812 1535 928 1584 Quae,
951 1535 1230 1576 secedentibus
1253 1535 1412 1576 interim
1436 1537 1580 1576 Oreste
1606 1544 1647 1575 et
1667 1535 1754 1590 Py-

322 1597 429 1648 lade,
449 1599 554 1639 male
575 1599 899 1655 Clytaemnestrae
919 1600 1198 1656 AEgisthoque
1218 1613 1462 1656 precantur;
1495 1601 1646 1656 quibus
1664 1616 1755 1656 pre-

322 1664 439 1706 cibus
459 1665 695 1721 inferiisque
712 1666 907 1707 absolutis
922 1667 1087 1707 Electra
1107 1683 1129 1707 e
1148 1666 1321 1708 cincinni
1341 1667 1382 1707 in
1402 1666 1562 1708 tumulo
1581 1667 1755 1723 depositi

320 1730 668 1786 vestigiorumque
687 1731 818 1772 forma
838 1732 1023 1772 Orestem
1044 1733 1110 1773 hie
1128 1732 1291 1774 affuisse
1309 1742 1550 1788 auguratur.
1581 1733 1755 1774 Accedit

319 1796 448 1853 igitur
466 1797 605 1847 frater,
626 1812 856 1853 magnoque
875 1813 970 1839 cum
995 1798 1149 1854 gaudio
1167 1800 1355 1854 cognitus
1384 1814 1468 1840 una
1495 1814 1588 1840 cum
1619 1814 1755 1840 sorore

319 1871 362 1904 et
389 1862 513 1904 choro
536 1863 666 1904 diram
686 1864 1011 1920 Agamemnonis
1039 1880 1177 1906 necem
1207 1865 1406 1921 deplorat,
1433 1866 1603 1920 ejusque
1633 1865 1754 1907 ulcis-

318 1930 459 1971 cendae
487 1930 698 1971 consilium
727 1931 909 1986 exponit.
969 1932 1116 1972 Sumto
1138 1931 1327 1972 nimirum
1348 1931 1511 1973 viatoris
1530 1948 1553 1972 e
1573 1932 1755 1974 Phocide

320 1996 555 2037 Dauliensis
575 1997 730 2047 habitu,
751 1997 906 2038 accedit
925 1997 978 2038 ad
997 1997 1165 2053 regiam,
1181 2007 1400 2053 narratque
1421 1998 1496 2039 sibi
1515 2013 1540 2039 a
1562 1999 1754 2055 Strophio

319 2063 521 2104 Phocensi
542 2064 777 2105 mandatum
805 2078 905 2113 esse,
927 2072 973 2104 ut
995 2063 1150 2105 Orestis
1175 2073 1348 2105 mortem
1377 2065 1615 2120 parentibus
1643 2081 1751 2107 nun·

319 2129 450 2171 tiaret.
507 2131 604 2171 Jam
625 2145 649 2170 a
670 2130 983 2185 Clytaemnestra
1003 2130 1177 2185 benigne
1196 2138 1385 2186 acceptus
1404 2130 1444 2171 in
1475 2131 1664 2187 aedesque
1689 2133 1751 2173 in-

318 2196 544 2246 tromissus,
579 2196 758 2251 primum
793 2195 1035 2250 AEgisthum
1077 2197 1219 2251 (quem
1261 2196 1572 2251 Clytaemnestra
1602 2200 1752 2240 ‘arcessi

312 2263 510 2318 jusserat)
546 2262 588 2302 in
621 2261 794 2312 aedibus,
826 2261 973 2301 deinde
1011 2261 1139 2316 ipsam
1179 2277 1345 2317 quoque
1381 2263 1750 2318 Clytaemnestram,

316 2329 471 2369 frustra
508 2328 596 2383 ejus
633 2327 825 2382 pietatem
864 2341 912 2367 ac
946 2326 1258 2368 misericordiam
1289 2328 1588 2383 implorantem,
1623 2341 1751 2372 necat.

318 2396 386 2435 Ac
409 2394 586 2450 primum
613 2393 780 2448 quidem
810 2392 887 2432 hoc
915 2392 1093 2433 facinore
1121 2393 1240 2434 laetus
1269 2409 1315 2434 ac
1344 2395 1473 2445 ferox,
1495 2396 1632 2452 paullo
1659 2407 1753 2452 post

317 2461 510 2502 maternis
528 2460 645 2502 furiis
667 2459 859 2516 agitatus,
879 2474 926 2500 ac
955 2459 1006 2500 de
1036 2469 1143 2501 statu
1173 2460 1319 2502 mentis
1345 2461 1543 2517 dejectus,
1565 2463 1752 2519 Delphos

316 2527 516 2583 profugit,
542 2527 585 2568 in
611 2525 819 2583 Apollinis
847 2525 1018 2567 tutelam
1047 2541 1089 2567 se
1119 2527 1360 2579 traditurus,
1386 2530 1439 2570 ab
1467 2545 1597 2586 eoque
1625 2531 1752 2587 parri-

353 2686 372 2705 Β
386 2679 592 2710 Scribendum
603 2679 707 2719 potius
719 2679 924 2719 Choephoroe,
936 2679 1010 2720 quia
1024 2679 1067 2711 sic
1079 2678 1187 2711 Latini
1198 2680 1369 2712 efferebant
1381 2681 1564 2713 Graecarum
1571 2682 1751 2714 fabularum

316 2734 425 2766 titulos
445 2733 480 2763 in
502 2745 531 2764 οι
553 2733 739 2765 desinentes.
790 2733 944 2773 Exemplo
966 2733 1007 2764 sit
1029 2734 1179 2774 Adelphae
1209 2736 1336 2766 Terenti
1356 2736 1442 2775 apud
1459 2735 1577 2767 Donat.
1599 2736 1693 2767 Praef.
1715 2736 1750 2767 in

319 2787 447 2818 Terent.
473 2786 628 2826 Adelphos
650 2797 681 2826 p.
709 2794 739 2816 2.
767 2786 815 2816 ed.
841 2786 959 2817 Zeune.
986 2788 1186 2827 Canephoros
1205 2788 1286 2819 dixit
1311 2788 1419 2820 Cicero
1441 2789 1532 2820 Verr.
1556 2787 1587 2828 6,
1610 2789 1642 2819 8.
1665 2790 1751 2820 unde

316 2840 483 2870 manifesto
504 2839 703 2870 scribendum
725 2839 759 2869 in
781 2849 807 2870 c.
829 2848 858 2879 3.
885 2840 1075 2879 Canephoroe
1096 2850 1152 2880 pro
1172 2841 1386 2881 Canephoroex
1409 2841 1472 2872 vid.
1489 2841 1515 2871 F
1516 2841 1654 2873 aociolati
1670 2841 1749 2873 Lex.

314 2894 350 2924 in
365 2902 450 2924 voce.
473 2891 644 2923 BLOMF.
692 2892 884 2922 Clerumenoe
897 2893 982 2932 apud
999 2892 1149 2924 Plautum
1165 2894 1287 2926 Casinae
1302 2895 1425 2935 Prolog.
1440 2903 1493 2934 31.
