1962 3224
643 177 734 218 AD
766 176 1209 218 CHOEPHORAS.
1578 174 1663 219 459

193 289 320 332 verba
339 304 365 331 a
385 287 632 331 Blomfieldo
651 286 775 330 allata
801 286 858 329 sic
887 286 1041 344 pergit,
1062 285 1164 329 τοῦτ’
1186 286 1288 337 ἔστι,
1309 286 1414 328 πολὺ
1442 286 1488 327 τὸ
1518 286 1664 338 μεταξὺ

194 362 272 400 τῶν
291 358 445 407 ζώντων
466 357 528 398 καὶ
547 356 789 407 τεθνεώτων,
810 356 915 408 ὅμως
945 356 988 398 δὲ
1017 358 1100 398 τοῖς
1128 353 1418 408 προσθοδόμοις
1445 352 1666 407 Ἀτρείδαις
1703 359 1710 365 “

194 427 217 467 ὁ
237 426 332 479 γόος
351 426 372 466 ὅ
394 424 556 477 εὐκλεὴς
576 425 719 477 ὁμοίως
737 424 897 479 χάριτες
918 423 1141 475 κέκληνται.

251 505 349 549 321.
390 492 598 545 κέκληνται
639 494 777 534 Turn.
821 492 968 549 Steph.
1003 501 1044 534 et
1080 490 1309 533 scholiasta.
1355 488 1567 542 κεκλήαται
1598 490 1666 532 Μ.

197 559 380 613 κέκληται
402 559 546 602 Guelf.
567 559 669 601 Ald.
703 559 880 617 κεκλῇντ’
903 560 953 602 ἂν
974 558 1260 602 Blomfieldus.

253 641 353 685 322.
386 629 693 684 προσθοδόμοις]
719 628 964 680 Scholiasta,
986 633 1069 672 τοῖς
1095 629 1287 682 πρότερον
1315 625 1510 680 ἐσχηκόσι
1531 625 1665 677 δόμον.

199 700 271 740 νῦν
291 699 367 752 γὰρ
388 698 458 739 οὐκ
485 698 563 740 εἶσὶ
594 699 719 750 δόμοι·
752 700 907 752 φροῦδα
935 699 1012 752 γὰρ
1042 695 1123 738 τάδ’
1154 695 1239 748 ἤδη.
1273 693 1514 751 (Euripidis
1544 693 1672 735 verba

202 764 322 808 Med.
343 766 459 822 139.)

257 843 357 890 325.
378 835 534 888 μαλερὰ
555 835 782 876 Porsonus.
811 834 836 886 ἡ
855 834 1011 887 μαλερὰ
1029 831 1138 875 libri.

259 903 359 959 328.
380 901 618 957 ὀτοτύζεται]
641 903 865 954 ὀτοτύξεται
884 901 997 943 Rob.

260 969 458 1026 θνήσκων]
480 971 676 1022 θνηίσκων
697 971 763 1012 Μ.
825 970 980 1012 Versus
1008 967 1141 1011 Ionici
1172 968 1238 1010 hic
1267 977 1310 1010 et
1338 967 1447 1010 infra
1473 965 1603 1024 vulgo
1631 964 1674 1007 in

203 1038 403 1081 dimetros
422 1037 632 1095 descripti.

261 1119 359 1163 329.
389 1106 571 1160 πατέρων
591 1122 634 1148 τε
658 1106 718 1159 (δὲ
740 1106 1028 1158 Hermannus)
1053 1105 1116 1147 καὶ
1136 1104 1345 1160 τεκόντων]
1368 1103 1519 1161 Eurip.
1543 1103 1673 1145 Herc.

203 1175 234 1217 f.
256 1175 379 1231 1368.
401 1176 422 1215 ὁ
443 1175 574 1228 φύσας
593 1174 652 1228 χώ
673 1174 797 1215 τεκὼν
816 1174 914 1226 ὑμᾶς
933 1171 1060 1226 πατήρ
1081 1172 1336 1228 comparavit
1360 1170 1646 1213 Schwenkius.

262 1256 362 1299 331.
394 1241 439 1283 τὸ
469 1242 569 1299 πᾶν]
594 1241 731 1283 Schol.
752 1244 860 1294 ζητεῖ
879 1241 923 1282 τὸ
945 1242 1300 1294 ἀντιτιμωρεῖσθαι.
1331 1241 1434 1293 ὅμως
1454 1240 1523 1282 οὐκ
1542 1239 1682 1293 ἠρεμεῖ

206 1312 231 1364 ἡ
260 1310 386 1365 ψυχή·
421 1313 527 1363 ζητεῖ
557 1311 633 1364 γὰρ
667 1312 871 1352 παντελῶς
905 1308 1184 1362 ταρασσομένη
1216 1308 1288 1361 τὴν
1319 1309 1531 1361 ἐκδίκησιν.
1566 1305 1680 1348 unde

206 1380 352 1420 ποινὰν
371 1393 448 1434 pro
478 1377 523 1418 τὸ
553 1380 632 1419 πᾶν
661 1386 869 1434 reponunt
903 1376 1128 1418 Schutzius
1157 1385 1200 1418 et
1227 1377 1513 1418 Hermannus.
1549 1376 1682 1429 (τίταν

210 1446 424 1489 Martinus
445 1446 618 1488 Observ.
639 1445 729 1487 crit.
749 1461 793 1502 p.
810 1447 896 1501 13.)
960 1444 1043 1487 Sed
1074 1445 1342 1487 manifestum
1372 1453 1449 1496 est,
1476 1444 1680 1501 interpre-

211 1525 294 1558 tem
318 1516 517 1558 Graeeum
538 1529 656 1556 voces
676 1513 721 1555 τὸ
742 1513 1211 1566 ἀντιτιμωρεῖσθαι-τὴν
1238 1515 1449 1567 ἐκδίκησιν,
1473 1511 1681 1570 supplere,

212 1594 262 1626 ut
280 1584 323 1626 id
344 1585 459 1641 quod
480 1581 815 1625 subaudiendum
838 1594 915 1632 est,
937 1580 1105 1623 indicet.
1135 1582 1370 1624 BLOMF.

269 1666 370 1710 332.
391 1670 462 1696 νυν
484 1651 629 1695 Guelf.
661 1654 731 1693 νῦν
753 1650 893 1707 vulgo.

269 1733 369 1779 335.
390 1723 454 1763 τοί
471 1722 510 1762 σ·’
533 1717 793 1762 Schuetzius.
825 1721 908 1762 τοῖς
927 1717 1037 1768 libri,
1060 1717 1138 1759 nisi
1158 1718 1273 1774 quod
1292 1718 1383 1762 τοὺς
1404 1719 1544 1760 Turn.

271 1791 501 1842 ἐπιτύμβιος
531 1789 815 1829 Hermannus.
865 1786 1147 1838 ἐπιτυμβιδίοις
1179 1785 1291 1836 libri,
1322 1786 1439 1843 quod
1470 1787 1608 1829 Turn.
1642 1786 1685 1828 in

215 1859 506 1910 ἐπιτυμβιδίους
531 1854 720 1897 mutavit.
753 1855 1019 1906 ἐπιτυμβίδιος
1045 1863 1281 1896 correxerat
1309 1854 1567 1898 Schuetzius.
1599 1856 1684 1899 ἑπι-

216 1927 384 1978 τύμβιον
404 1925 518 1966 αἶνον
537 1923 645 1965 dixit
666 1922 812 1963 AEsch.
835 1924 991 1978 Agam.
1009 1932 1132 1977 1547.

275 1993 434 2047 θρῆνος]
459 1991 623 2045 θρήνους
642 1989 746 2031 Ald.
769 1990 910 2030 Turn.

276 2059 552 2116 ἀναστενάζει]
575 2056 835 2108 ἆναστενάξει
857 2058 922 2098 Μ.

274 2142 299 2184 3
305 2143 374 2185 39.
395 2129 488 2181 ἄτερ
510 2127 654 2181 κακῶν]
681 2124 737 2166 ἅτ’
762 2126 806 2166 ἐν
823 2128 952 2167 κακῶν
972 2123 1073 2165 Ald.
1107 2125 1200 2166 αὖτε
1221 2129 1345 2170 κακῶς
1366 2126 1505 2167 Turn.
1526 2126 1686 2182 Agam.

220 2210 319 2250 204.
341 2197 382 2237 τί
397 2194 508 2237 τῶνδ’
531 2195 625 2236 ἄνευ
647 2196 799 2240 κακῶν;
835 2192 1013 2233 BLOM
1022 2192 1068 2233 F.

277 2265 496 2318 ἀτρίακτος]
521 2262 623 2304 Non
655 2260 898 2303 vincendus.
962 2259 1203 2311 Scholiasta,
1226 2260 1304 2303 ἀπὸ
1336 2264 1415 2303 τῶν
1441 2263 1691 2312 παλαιστῶν,

219 2333 260 2376 οἳ
278 2331 577 2386 ἆποτριάζονται
595 2329 671 2372 ὑπὸ
691 2333 769 2372 τῶν
790 2329 1032 2371 ἀντιπάλων.
1065 2330 1298 2371 BLOMF.

280 2413 382 2457 340.
419 2398 587 2457 χρῄζων]
630 2399 788 2449 Volms,
821 2399 875 2440 Si
907 2398 1025 2440 vult:
1072 2412 1156 2439 non
1188 2407 1330 2440 autem
1370 2399 1392 2439 ὁ
1431 2401 1690 2454 χρησμῳδῶν,

225 2467 340 2525 quod
361 2467 418 2509 ait
438 2466 665 2508 scholiasta.
698 2466 931 2508 BLOMF.

282 2547 382 2591 341.
403 2533 504 2589 θείη]
526 2533 599 2586 θήη
616 2534 684 2575 Μ.
708 2533 854 2576 Guelf.
875 2533 979 2576 Ald.
1000 2534 1111 2576 Rob.

284 2615 384 2657 343.
422 2600 566 2656 παίων]
607 2600 883 2642 Scribendum
917 2601 1052 2643 παιάν.
1088 2602 1142 2642 V.
1174 2609 1318 2643 notata
1352 2601 1405 2642 ad
1445 2602 1560 2657 Sept.
1597 2601 1694 2641 268.

228 2669 382 2728 quibus
410 2668 490 2709 hoc
518 2677 681 2709 tantum
711 2668 950 2724 adjecerim,
971 2669 1099 2710 παιών
1121 2668 1323 2719 Ionicam,
1346 2668 1468 2709 παιάν
1489 2683 1586 2709 vero
1607 2669 1697 2709 Do-

228 2738 356 2779 ricam
378 2736 554 2778 formam
574 2734 701 2776 fuisse
720 2735 906 2791 ejusdem
927 2736 1115 2777 nominis.
1167 2737 1276 2777 Mox
1298 2738 1571 2788 ἐμβασιλείοις
1590 2735 1696 2779 Ald.

231 2815 272 2847 et
294 2803 474 2847 νεοκάτα.
506 2803 740 2844 BLOMF.

288 2886 388 2928 344.
422 2872 622 2923 κομίσειεν
653 2871 879 2913 Porsonus.
917 2871 1063 2923 κομίζει
1094 2872 1162 2914 Μ.
1196 2871 1341 2914 Guelf.
1373 2871 1475 2916 Ald.
1508 2871 1619 2915 Rob.
1655 2890 1703 2926 γε

235 2942 384 2994 κομίζοι
405 2941 541 2982 Turn.
566 2939 711 2996 Steph.

899 3019 1032 3062 3M2
