1962 3224
611 149 699 189 AD
733 148 1085 190 SUPPLICES.
1492 143 1576 186 635

173 270 269 315 974.
301 261 454 303 εὔτυκος
484 259 760 316 Spanhemius
788 259 843 301 ad
874 259 1116 302 Callimach.
1146 259 1187 300 in
1211 259 1315 301 Pall.
1336 270 1378 314 3.
1412 258 1574 311 εὔτυχος

118 328 253 369 Turn.
285 329 462 371 εὔτυκτος
480 327 639 370 codices
659 338 701 369 et
722 327 822 370 Ald.
846 328 958 370 Rob.
983 329 1127 384 Steph.

171 408 224 450 97
227 405 266 452 5.
288 396 372 452 ξύν]
393 397 467 438 σύν
485 395 600 437 libri:

172 465 270 520 976.
293 466 337 506 ἐν
354 465 485 520 χώρῳ]
510 464 644 506 Verba
663 474 854 521 suspecta
873 463 992 522 ejecit
1013 463 1206 506 Bothius.

170 542 267 586 977.
290 533 418 574 Hunc
439 548 601 574 versum
621 548 701 575 om.
723 533 835 575 Rob.

171 599 266 655 983.
287 601 362 652 μὲν
380 615 463 642 om.
488 600 595 643 Rob.

172 667 269 723 984.
291 668 448 724 φίλους]
470 670 591 722 φίλου
612 669 724 712 Rob.
744 679 786 711 et
806 669 1086 727 superscripto
1106 686 1158 713 ως
1178 669 1244 710 Μ.

175 736 272 791 985.
301 736 410 792 ἐμοῦ]
432 737 545 789 ἐμοὺς
567 738 633 779 Μ.
657 738 767 780 Rob.

171 803 270 859 987.
292 807 489 857 δορικανεῖ
503 807 608 862 μόρῳ
630 807 854 849 Porsonus.
877 807 968 860 δόρυ
989 806 1022 848 κ’
1043 806 1221 862 ἀνημέρῳ
1237 804 1397 846 codices
1413 814 1454 845 et
1470 803 1571 845 Ald.

118 870 228 912 Rob.
249 870 392 913 leviter
418 872 459 914 in
490 872 701 916 literarum
731 874 932 917 divisione
959 874 1067 916 inter
1097 889 1139 916 se
1169 873 1458 929 discrepantes.
1490 872 1575 925 δορὶ

117 938 296 995 ἀνημέρῳ
314 940 450 981 Turn.
473 942 618 998 Steph.

175 1008 272 1062 988.
303 1008 440 1058 ἀείζων
466 1009 657 1052 Bothius.
690 1011 752 1052 ἀεὶ
777 1014 850 1060 ζῶν
877 1010 1037 1053 codices
1065 1018 1107 1053 et
1127 1010 1230 1052 Ald.
1252 1009 1363 1052 Rob.
1395 1010 1472 1051 αἰεὶ
1500 1012 1576 1059 ζῶν

119 1076 257 1118 Turn.
280 1077 390 1119 Rob.

176 1134 272 1188 989.
303 1138 463 1178 τοιῶνδε
478 1134 746 1190 τυγχάνοντας
765 1137 960 1190 εὗπρυμνῆ
981 1134 1126 1190 φρενὸς
1143 1135 1261 1191 χάριν
1282 1135 1479 1188 σέβεσθαι
1502 1134 1577 1189 (sic

121 1202 187 1243 M.
209 1203 351 1246 Guelf.
376 1203 479 1245 Ald.
501 1204 613 1245 Rob.
644 1203 821 1257 σέβεσθε
846 1206 982 1245 Turn.
1007 1204 1170 1261 Steph.)
1201 1203 1434 1257 τιμιωτέραν
1464 1203 1574 1258 ἐμοῦ]

121 1271 394 1313 Scribendum
416 1273 644 1326 εὐπρύμνης.
712 1274 857 1314 Tanta
875 1288 1004 1330 quum
1033 1273 1242 1314 consecuti
1271 1273 1419 1323 Simus,
1440 1272 1579 1314 cordis

116 1339 403 1394 gubernaculo
422 1341 570 1382 mentis
589 1341 686 1383 bene
706 1341 906 1382 instructi
925 1347 985 1383 est
1014 1340 1058 1395 (i.
1080 1356 1115 1382 e.
1137 1340 1255 1382 decet
1277 1355 1360 1391 vos,
1380 1340 1415 1381 'si
1436 1354 1579 1396 sapere

120 1406 289 1460 velitis),
312 1408 483 1450 Danais
503 1410 697 1465 gratiam
719 1411 1059 1466 praestantiorem
1081 1424 1206 1467 quam
1225 1423 1309 1466 qua
1328 1423 1391 1450 me
1411 1415 1579 1465 patrem

121 1476 377 1516 veneramini
397 1477 630 1532 rependere.
663 1478 886 1533 Tanquam
907 1476 1006 1518 deos
1025 1476 1244 1534 Olympios
1263 1477 1371 1518 enim
1394 1476 1580 1533 Argivos

120 1543 303 1584 venerari
314 1542 611 1599 filiasjusserat
632 1559 671 1585 ν.
695 1545 791 1600 981.
815 1545 1231 1586 BAMBERGER.
1282 1546 1381 1586 Non
1402 1554 1462 1586 est
1483 1560 1579 1601 pro-

120 1609 254 1651 babile
279 1611 497 1664 εὐπρύμνης
525 1610 676 1652 dixisse
706 1610 976 1667 AEschylum,
1005 1625 1138 1667 quum
1171 1611 1390 1665 εὐπρύμνου
1423 1611 1488 1652 vel
1518 1610 1578 1652 εὐ-

119 1682 315 1731 πρυμνοΰς
334 1679 547 1735 potuisset.

177 1760 274 1802 990.
294 1747 539 1803 τιμιωτέραν]
560 1746 767 1800 τιμιωτέρα
787 1747 930 1789 Guelf.
952 1747 1053 1788 Ald.

177 1828 273 1870 991.
294 1815 594 1870 γεγραμμένοις]
613 1815 908 1869 γεγραμμένους
926 1816 995 1856 Μ.
1020 1814 1163 1857 Guelf.
1185 1815 1286 1857 Ald.
1310 1817 1447 1857 Turn.

178 1895 276 1938 994.
299 1883 457 1924 εὔτυκον
479 1882 754 1939 Spanhemius
776 1883 906 1937 (conf.
927 1883 981 1924 ad
1001 1898 1039 1925 v.
1065 1884 1196 1939 974).
1220 1885 1385 1938 εὕτυχον
1403 1883 1511 1925 libri.

180 1952 277 2007 998.
310 1950 465 2007 τέρειν’]
502 1951 629 2005 τέρειν
663 1952 730 1992 Μ.
766 1951 893 2005 τέρειν
928 1953 963 1993 δ’
999 1951 1143 1993 Guelf.
1175 1951 1281 1993 Ald.
1317 1951 1433 2005 τέρην
1464 1952 1577 1993 Rob.

122 2019 262 2060 Turn.
285 2017 431 2074 Steph.

180 2099 275 2141 999.
296 2102 332 2127 τι
350 2085 433 2140 μιν]
454 2084 568 2137 τιμήν
589 2086 654 2126 Μ.
678 2084 779 2127 Ald.
804 2084 914 2127 Rob.
977 2083 1249 2126 Scribendum
1271 2085 1311 2125 τί
1329 2100 1406 2125 νιν.

185 2166 306 2195 1000.
346 2155 564 2206 πεδοστιβῆ
604 2152 715 2194 Rob.
758 2153 901 2209 Steph.
951 2155 1187 2204 παιδοστιβῆ
1228 2152 1292 2193 Μ.
1343 2156 1577 2206 παιδοτριβῆ
1628 2159 1630 2162 ’

125 2219 267 2262 Guelf.
288 2219 389 2262 Ald.
421 2223 632 2274 πεδοτριβῆ
653 2221 791 2262 Turn.

184 2301 303 2330 1001.
327 2289 576 2344 καρπώματα]
599 2290 824 2342 καρπώματι
840 2287 940 2330 AJd.
958 2288 1096 2329 Turn.
1118 2289 1339 2341 καρπώματ’
1355 2288 1577 2341 ἀκμάζοντα

124 2355 327 2397 Auratus.
370 2360 397 2380 ‘⁴
418 2356 610 2405 στάζοντα
636 2366 698 2398 est
711 2358 894 2413 fluctus
928 2355 1105 2404 decidui,
1137 2355 1165 2397 i.
1186 2371 1221 2397 e.
1252 2355 1311 2398 ita
1347 2356 1497 2399 maturi
1531 2367 1579 2399 ut

123 2432 269 2480 suapte
289 2431 433 2480 sponte
452 2423 639 2465 cadant.''
670 2425 800 2466 SCH.

185 2508 305 2538 1002.
338 2497 490 2537 Versus
516 2506 749 2553 corruptus.
781 2501 1087 2541 κωλυουσανθῶς
1105 2488 1228 2549 μένῗίἴ)
1248 2498 1322 2550 ἐρῶ
1343 2498 1410 2538 Μ.
1431 2497 1463 2539 θ’
1486 2508 1578 2554 post

125 2565 353 2606 κωλύουσαν
376 2562 538 2604 addunt
563 2564 684 2605 etiam
707 2564 850 2606 Guelf.
871 2565 972 2607 Ald.
994 2565 1105 2606 Rob.
1169 2564 1384 2621 Scriptura
1414 2576 1580 2622 recepta

123 2631 300 2673 debetur
323 2631 526 2673 Turnebo
554 2640 596 2672 et
626 2632 769 2688 Steph.
801 2633 959 2686 κᾶλωρα
977 2632 1020 2673 in
1041 2633 1193 2685 κᾶξωρα
1213 2634 1402 2675 mutabat
1422 2634 1577 2675 Cante-

124 2714 211 2750 rus,
232 2699 273 2739 in
293 2699 423 2751 κᾶωρα
444 2698 662 2740 Stanleius.

185 2777 307 2820 1007.
366 2766 436 2808 οὖν
489 2765 704 2822 ἐκληρώθη]
756 2766 1077 2809 Emendandum
1133 2766 1256 2809 οὕνεκ’
1306 2768 1426 2821 ἠρόθη
1480 2785 1575 2811 cum

125 2833 322 2876 Heathio.

187 2915 309 2958 1009.
330 2902 492 2958 οἴκησις]
514 2902 684 2955 οἰκήσεις
707 2903 769 2944 Μ.
793 2902 936 2944 Guelf.
959 2902 1059 2945 Ald.

786 2984 814 3022 4
836 2985 860 3011 L
886 2983 909 3013 2
