1962 3224
371 195 454 235 582
844 198 1336 240 ANNOTATIONES

433 319 525 347 100.
555 309 626 348 τᾶν
652 308 814 348 ἄποινον
842 309 1062 363 δαιμονίων]
1094 309 1238 350 Lectio
1257 308 1412 350 vitiosa.
1464 309 1598 350 Verba
1617 305 1803 364 proxima

372 372 545 428 eprIcat
567 373 792 424 scholiasta,
813 374 857 414 τὸ
877 376 919 415 δὲ
939 377 1118 427 φρόνημα
1138 376 1265 426 αὐτοῦ,
1287 377 1350 417 ἐπὶ
1368 379 1444 417 τῶν
1459 378 1588 428 ἁγνῶν
1609 374 1800 428 ἐδρασμά-

372 455 449 479 των
484 439 692 492 ἐφήμενον,
733 439 918 492 ἐξέπραξε
957 442 1025 482 τὸν
1057 443 1204 483 σκοπὸν
1240 445 1375 483 ἑαυτοῦ
1409 442 1571 483 αὐτόθεν
1609 442 1685 482 ἀπὸ
1724 445 1801 481 τῶν

373 507 502 557 ἁγνῶν
523 506 784 557 ἑδρασμάτων,
807 507 830 546 ὅ
850 508 933 547 ἐστι
962 511 1029 547 τοῦ
1056 509 1232 560 οὐρανοῦ.
1283 507 1456 551 Ἄλλως.
1485 506 1509 559 ἢ
1537 507 1580 547 τὸ
1604 508 1683 548 ἄνω
1705 507 1803 559 ἱδρύ-

371 588 504 623 μενον,
525 570 548 622 ἢ
569 572 611 612 τὸ
633 574 796 624 ἑδραῖον.

432 651 510 679 102
545 637 624 692 ἐφ’]
646 638 713 690 ἀφ’
741 638 869 679 codex
892 640 949 692 (Ρ)
974 639 1222 694 Spanhemii.
1272 641 1418 690 “Quae
1449 655 1543 680 vera
1569 655 1653 680 esse
1681 639 1801 680 lectio

371 703 545 745 videtur.
577 704 698 745 Conf.
718 706 846 745 Hom.
863 706 944 746 Od.
959 718 1021 760 13,
1034 708 1102 759 56.
1125 707 1287 747 αὐτόθεν
1308 708 1348 757 ἐξ
1369 707 1522 759 ἑδρέων.
1544 717 1584 747 et
1606 706 1800 747 Schaefer.

370 771 422 811 ad
445 771 621 811 Theocr.
645 780 711 825 25,
738 782 828 823 170.
849 771 1016 824 ’Ἄργεος
1046 774 1087 823 ἐξ
1118 769 1234 825 ἱεροῖο
1265 773 1462 814 αὐτόθεν.”
1491 773 1536 813 J.
1557 774 1800 814 WORDS-

372 837 626 878 WORTH.
644 837 686 877 in
706 838 772 877 the
794 839 945 879 Philol.
965 839 1161 879 Muscam
1181 839 1258 880 vol.
1285 853 1322 880 1.
1343 854 1383 894 p.
1402 853 1449 883 21
1462 853 1494 881 1.

431 916 522 958 103.
546 905 616 957 εἷς]
642 905 681 946 ἐς
699 903 803 945 libri.

430 983 522 1021 104.
544 971 606 1024 οἵᾳ
628 970 880 1011 Schuetzius.
911 972 974 1012 οἶα
993 971 1097 1013 libri.

426 1036 593 1090 πυθμὴν]
633 1036 871 1087 Scholiasta,
904 1039 928 1089 ἡ
957 1038 1041 1091 ῥίζα
1073 1042 1150 1080 τῶν
1180 1039 1419 1090 πεντήκοντα
1450 1040 1611 1090 παίδων,
1643 1039 1666 1079 ὅ
1694 1040 1804 1080 ἐστιν

370 1105 564 1156 Αἴγυπτος
584 1103 710 1146 αὐτός.

429 1182 523 1223 105.
546 1168 590 1209 τὸ
606 1168 755 1213 θάλλος
770 1171 993 1212 Porsonus.
1025 1172 1069 1212 τὸ
1091 1172 1212 1215 θάλος
1230 1172 1337 1213 libri.
1370 1172 1670 1228 Corrigendum
1690 1175 1802 1212 τεθα-

369 1237 447 1279 λὼς
462 1250 555 1276 cum
578 1235 751 1277 Bothio:
784 1237 903 1292 cujus
921 1238 1243 1280 emendationem
1273 1240 1484 1280 confirmat
1510 1239 1735 1288 scholiasta,
1757 1238 1802 1279 οὗ

369 1304 550 1355 φύλλοις,
572 1303 678 1343 ἀλλὰ
696 1306 742 1359 τῇ
761 1305 871 1359 ἀνοίᾳ
902 1309 979 1346 τῶν
1005 1307 1153 1347 παίδων
1174 1308 1322 1354 ἑαυτοῦ,
1345 1307 1407 1348 καὶ
1427 1305 1600 1347 διάνοιαν
1618 1307 1801 1357 μαινόλιν

370 1369 484 1422 ἔχων·
515 1369 610 1421 ὅπερ
632 1370 715 1410 ἐστὶ
737 1370 896 1422 κέντρον
915 1372 1100 1424 ἄφυκτον.

430 1448 520 1489 109.
541 1437 737 1491 μαινόλιν]
757 1439 920 1489 μενόλιν
939 1439 1004 1479 Μ.
1027 1439 1166 1480 Guelf.
1189 1438 1289 1480 Ald.
1311 1439 1422 1480 Rob.

428 1515 446 1542 Ι
459 1516 519 1543 10.
540 1504 653 1558 ἄταν]
675 1504 747 1559 ἄτᾳ
767 1505 832 1545 Μ.
855 1504 997 1560 Steph.

425 1569 572 1626 ἀπάτᾳ]
605 1570 662 1611 ἐπ’
684 1571 756 1626 ἄτᾳ
775 1571 860 1611 (1υο
879 1571 996 1612 codd.
1019 1571 1266 1628 Spanhemii.
1318 1572 1412 1612 Hoc
1434 1573 1639 1612 Pearsono
1658 1571 1801 1612 tribuit

370 1635 576 1677 Butlerus.

429 1716 447 1743 1
460 1717 473 1743 1
488 1716 522 1743 1.
545 1703 750 1758 θρεομένα]
771 1706 961 1757 θρεβομία
985 1704 1078 1758 (hoc
1097 1715 1158 1746 est
1177 1705 1419 1758 θρεβομέναε
1452 1705 1559 1746 conf.
1578 1704 1630 1746 ad
1653 1720 1691 1745 v.
1711 1707 1798 1760 63.)

367 1768 470 1810 Ald.
493 1769 603 1810 unde
623 1770 837 1822 θρευομένα
857 1772 992 1812 Turn.

423 1835 529 1889 λέγω
561 1836 775 1879 Stanleius.
819 1837 949 1890 λέγων
978 1837 1084 1889 libri,
1106 1838 1180 1879 nisi
1200 1839 1312 1894 quod
1341 1843 1470 1893 λεγῶν
1489 1839 1592 1880 Ald.
1637 1840 1802 1892 γεγόνει

370 1903 505 1944 Turn.
537 1903 806 1944 Scribendum
827 1903 857 1945 δ’
880 1906 957 1957 ἐγὼ
976 1920 1068 1946 cum
1091 1906 1259 1961 Engero
1278 1920 1318 1961 p.
1341 1916 1408 1958 72.
1429 1916 1469 1946 et
1488 1914 1686 1946 commata
1705 1912 1800 1961 post

368 1973 604 2022 δακρυοπετῆ
623 1978 663 2011 et
686 1971 722 2022 ἰὴ
743 1970 779 2021 ἰὴ
799 1971 999 2026 ponenda.

429 2049 520 2088 114.
551 2037 802 2091 δακρυοπετῆ]
836 2037 1072 2088 Scholiasta,
1105 2041 1444 2091 παρασκευαστικὰ
1472 2042 1539 2080 τοῦ
1566 2039 1721 2081 πίπτειν
1750 2041 1799 2080 τὰ

368 2102 512 2155 δάκρυα
530 2106 607 2143 τῶν
626 2104 859 2144 ἀκουόντων.

429 2171 520 2210 116.
543 2170 643 2210 Post
664 2171 836 2222 ἐμπρεπῆ
855 2170 896 2210 in
917 2170 1029 2211 libris
1048 2170 1242 2226 leguntur
1256 2172 1379 2213 verba
1397 2187 1447 2212 ex
1463 2187 1498 2213 v.
1518 2185 1534 2212 1
1546 2185 1561 2211 1
1576 2185 1609 2212 1.
1629 2171 1802 2227 repetita

369 2235 556 2286 θρεομένη
578 2235 807 2288 (θρευομένη
830 2236 986 2288 Turn.)
1008 2236 1120 2288 μέλη,
1143 2253 1237 2292 quae
1256 2238 1406 2279 delevit
1426 2240 1647 2278 Porsonus.

423 2305 527 2350 ζῶσα
554 2301 660 2353 γόοις
687 2318 737 2352 με
765 2302 874 2357 τιμᾷ]
909 2301 1132 2343 Scholiasta
1154 2320 1215 2355 γρ.
1237 2304 1385 2351 ζώσατο
1406 2305 1463 2347 οἷς
1489 2321 1538 2355 με
1564 2308 1664 2355 τιμᾶ,
1686 2305 1799 2360 quod

367 2367 467 2407 nihil
489 2367 601 2407 aliud
622 2376 680 2408 est
701 2382 824 2422 quam
846 2372 951 2416 ζῶσα
970 2370 1076 2421 γόοις
1094 2386 1144 2419 με
1163 2370 1264 2420 τίμα.

422 2451 472 2485 με
491 2435 580 2487 τιμᾷ
602 2433 746 2489 Steph.
788 2451 838 2485 με
857 2438 950 2485 τιμῶ
981 2435 1046 2475 M.
1067 2436 1161 2475 Par.
1184 2434 1323 2475 Guelf.
1345 2435 1444 2475 Ald.
1464 2436 1578 2490 quod
1606 2451 1799 2477 revocan-

367 2502 480 2542 dum.
510 2518 559 2552 με
578 2506 695 2552 τιμῶν
716 2501 825 2541 Rob.
855 2500 938 2552 μεθ’
959 2502 1065 2552 ἡμῶν
1086 2502 1223 2541 Turn.
1256 2507 1280 2524 “
1299 2503 1550 2557 Corruptum
1573 2502 1735 2544 videtur
1752 2521 1802 2555 με

366 2573 470 2620 τιμῶ.
522 2568 596 2608 Ad
626 2567 863 2608 sententiam
895 2567 1007 2622 quod
1037 2569 1196 2618 attinet,
1217 2578 1474 2623 comparetur
1502 2570 1653 2624 Agam.
1680 2583 1800 2624 1293.

368 2637 490 2676 εἰπεῖν
517 2637 631 2687 ῥῆσιν
655 2633 678 2684 ἢ
705 2636 846 2686 θρῆνον
867 2633 969 2674 θέλω
997 2633 1092 2685 ἐμὸν
1111 2634 1179 2675 τὸν
1207 2634 1334 2685 αὐτῆς.
1364 2645 1406 2675 et
1424 2650 1516 2676 cum
1539 2636 1671 2676 verbis
1697 2640 1801 2684 ζῶσα

365 2703 473 2754 γόοις
503 2702 629 2742 Hom.
652 2700 697 2740 Il.
721 2701 759 2750 6,
781 2712 878 2754 500.
910 2702 950 2740 αἱ
977 2702 1051 2751 μὲν
1081 2701 1136 2741 ἔτι
1165 2701 1261 2749 ζωὸν
1287 2702 1383 2754 γόον
1402 2700 1586 2755 ’Ἐκτορα.
1616 2702 1687 2744 ubi
1717 2702 1799 2743 vid.

369 2767 596 2809 Clarkius.''
617 2767 1096 2807 WORDSWORTH.
1125 2766 1275 2819 μέτειμι
1291 2769 1505 2809 Canterus.
1796 2803 1799 2805 .

426 2846 519 2889 117.
542 2834 710 2888 ἱλέομαι]
731 2835 920 2890 Supplex·
949 2835 1120 2890 imploro
1139 2835 1293 2891 Apiasm,
1323 2842 1492 2886 terram,
1511 2836 1539 2878 i.
1554 2851 1589 2878 e.
1617 2846 1800 2893 metony-

365 2902 467 2943 mice
479 2901 698 2957 Argivam,
712 2901 839 2942 simul
856 2907 903 2942 ut
922 2901 1142 2943 barbaram
1157 2904 1383 2944 orationem
1403 2904 1508 2959 aequi
1526 2904 1697 2959 bonique
1711 2917 1806 2945 con-
