1962 3224
663 130 754 172 AD
787 130 1143 174 SUPPLICES.
1556 130 1642 176 619

228 244 325 296 674.
357 242 389 284 δ’
418 243 586 296 ἐφόρους
615 242 703 299 γᾶς]
732 242 764 284 δ’
791 242 855 296 ἐφ’
878 244 1004 296 ὁργῶς
1024 242 1127 285 Ald.
1160 241 1191 283 δ’
1215 242 1413 295 ἐμφόρους
1432 244 1507 295 γᾶς
1527 242 1640 285 Rob.

171 311 193 348 δ
238 309 408 363 εὐόργως
440 310 577 352 Turn.
623 312 792 364 ἐφόρους
822 310 923 367 legit
963 309 1194 360 scholiasta,
1230 309 1305 365 qui
1345 324 1420 365 per
1454 314 1642 361 βασιλεῖς

169 377 360 432 explicat.
423 378 572 420 Veram
604 378 850 435 scripturam
875 380 919 421 δὲ
939 379 1085 432 φόρους
1106 380 1178 431 γᾶς
1198 377 1381 419 restituit
1401 377 1640 419 Ahrensius

175 458 216 500 p.
239 445 304 487 26.
552 440 557 443 ’

228 514 326 566 677.
355 514 502 568 λόχους
523 513 636 555 Rob.
658 529 710 555 ex
734 514 973 571 conjectura
993 523 1035 556 et
1057 513 1202 571 Steph.
1233 514 1380 567 λόγους
1409 511 1571 556 codices
1600 523 1643 555 et

174 578 276 621 Ald.
301 581 440 622 Turn.

230 648 327 701 678.
367 647 467 700 μηδέ
505 664 563 692 τις
597 647 813 701 ἀνδροκμὴς
850 648 988 702 λοιγὸς
1020 648 1239 705 ἐπελθέτω]
1277 648 1482 700 Quoniam
1519 664 1643 691 versu

172 715 433 771 praecedente
461 725 606 772 partus
633 715 854 757 mulierum
877 716 1018 758 felices
1037 726 1257 773 optaverat
1276 717 1443 767 chorus,
1466 732 1644 773 sequen-

172 782 285 824 tibus
305 791 443 825 autem
465 782 676 825 versiculis
704 799 747 825 V.
770 784 867 837 684.
892 799 951 841 sq.
981 785 1222 826 morborum
1252 785 1464 826 cohortem
1496 785 1644 842 depre-

172 859 302 902 catur,
326 853 570 905 ἀνδροκμῆτα
589 851 731 905 λοιγὸν
749 866 832 892 non
854 851 906 893 de
933 851 1030 893 belli
1056 851 1302 901 calamitate,
1324 851 1485 909 quippe
1515 867 1643 908 quam

168 917 257 974 jam
279 933 319 960 v,
340 920 438 960 661.
461 933 551 975 sqq.
571 927 785 960 aversatus
803 918 957 970 fuerat,
980 918 1052 960 sed
1073 919 1213 976 potius
1242 919 1296 960 de
1325 928 1442 976 peste
1472 919 1643 977 accipio.

176 987 306 1028 SCH.

232 1054 330 1095 681.
362 1054 511 1108 ἄχορον
531 1054 728 1108 ἀκίθαριν]
762 1054 907 1108 ἄχορος
937 1054 1084 1107 κίθαρις
1113 1053 1221 1105 libri,
1244 1054 1323 1096 nisi
1353 1055 1469 1111 quod
1499 1056 1646 1110 ἄχορος

176 1121 333 1174 κιθάρης
366 1123 505 1163 Turn.
565 1122 715 1162 Veram
752 1120 999 1177 scripturam
1034 1123 1249 1164 Porsonus
1281 1123 1462 1165 restituit
1496 1138 1519 1164 e
1553 1122 1645 1165 loco

172 1188 306 1230 lacero
328 1188 542 1230 Plutarchi
562 1190 682 1230 Erot.
704 1204 747 1245 p.
772 1189 853 1244 758
877 1191 930 1231 E.
953 1188 1027 1231 ubi
1049 1190 1195 1245 ἄχαριν
1215 1192 1409 1244 ἀκίθαριν.

233 1257 330 1298 682.
344 1255 464 1312 Ἀρη]
478 1255 606 1310 Ἀρην
627 1256 740 1298 Rob.

231 1325 330 1380 683.
360 1325 391 1365 τ’
424 1324 590 1376 ἔνδημον
618 1323 826 1366 Pauwius.
859 1342 902 1367 τε
933 1328 1056 1378 δῆμον
1077 1327 1143 1367 Μ.
1165 1325 1271 1368 Ald.
1303 1344 1347 1369 τε
1377 1326 1509 1379 δήμων
1530 1326 1641 1369 Rob.

177 1392 315 1433 Turn.

232 1460 464 1516 ἐξοπλίζων]
488 1459 561 1511 ἔξω
581 1461 727 1510 παίζων
746 1460 857 1502 libri.
918 1461 1203 1503 Emendatum
1226 1476 1279 1503 ex
1302 1461 1545 1504 Plutarcho.

232 1527 367 1569 Pestis
387 1542 481 1569 cum
497 1527 652 1570 dicitur
667 1530 933 1583 δακρυογόνον
948 1528 1051 1583 Ἀρη
1068 1531 1302 1581 ἐξοπλίζειν,
1318 1540 1456 1586 posset
1473 1530 1646 1586 quidem

175 1594 234 1636 sic
266 1594 454 1651 intelligi,
482 1596 597 1652 quod
628 1611 676 1638 ea
707 1596 959 1638 occasionem
996 1596 1067 1638 det
1097 1597 1288 1639 hostibus
1320 1598 1529 1640 civitatem
1566 1598 1646 1640 hoc

175 1662 285 1704 malo
313 1663 567 1705 debilitatam
599 1674 640 1705 et
669 1663 844 1706 fractam
875 1664 984 1706 bello
1014 1665 1315 1721 persequendi;
1353 1676 1535 1708 attamen
1566 1666 1647 1708 hoc

177 1730 318 1787 paullo
337 1731 534 1773 remotius
553 1731 607 1772 ab
627 1731 824 1774 orationis
850 1731 1019 1774 consilio
1049 1743 1091 1774 et
1120 1747 1231 1774 nexu
1258 1733 1440 1777 videtur.
1500 1734 1648 1791 Aptis-

177 1798 327 1840 simum
361 1798 490 1855 igitur
527 1799 655 1841 fuerit
687 1798 791 1853 Ἀρη
826 1801 1092 1854 δακρυογόνον
1132 1800 1185 1841 de
1219 1801 1452 1842 miserabili
1487 1803 1646 1844 civium

174 1871 334 1923 strage,
349 1881 446 1922 qua>
457 1880 639 1922 gravem
657 1868 944 1923 pestilentiam
960 1882 1042 1909 non
1063 1867 1196 1924 magis
1216 1883 1344 1924 quam
1366 1868 1462 1910 belli
1482 1869 1648 1912 calami-

177 1943 303 1976 tatem
325 1945 538 1990 sequatur,
558 1933 801 1990 intelligere.
864 1934 932 1976 Sic
961 1934 1069 1976 enim
1103 1935 1330 1992 Sophocles
1357 1952 1527 1994 quoque
1542 1937 1647 1992 Ἀρη

177 2003 367 2044 Martem
387 2017 465 2058 pro
484 2010 600 2058 peste
618 2002 784 2058 posuit;
817 2002 968 2060 OEdip.
992 2004 1097 2060 Tyr.
1120 2019 1159 2045 v,
1179 2018 1274 2060 190.
1307 2006 1440 2047 SCH.

235 2071 335 2123 684.
356 2069 529 2124 νούσων]
554 2069 686 2111 νόσων
705 2070 846 2126 potius
866 2069 1129 2112 scribendum
1151 2071 1283 2113 videri
1303 2071 1391 2113 dixi
1411 2072 1455 2113 in
1475 2080 1647 2114 annota-

177 2138 288 2180 tione
307 2137 361 2179 ad
383 2139 498 2194 Sept.
519 2153 556 2179 c.
578 2137 720 2179 Theb.
741 2147 842 2195 315.

234 2205 265 2247 δ’
289 2205 426 2261 ἑσμὸς]
452 2205 596 2258 δεσμὸς
616 2205 759 2247 Guelf.
781 2205 884 2247 Ald.
906 2206 1018 2249 Rob.
1051 2206 1082 2249 δ’
1106 2207 1228 2260 ἐσμὸς
1250 2209 1387 2249 Turn.
1412 2208 1558 2265 Steph.

234 2274 334 2329 685.
359 2273 522 2327 κράτους
543 2274 682 2315 Turn.
705 2274 849 2331 Steph.
872 2289 924 2316 ex
951 2276 1218 2317 annotatione
1238 2276 1468 2318 scholiastae
1488 2277 1647 2318 ἄπωθεν

178 2347 247 2385 τοῦ
277 2343 438 2397 κράτους
466 2347 545 2385 τῶν
574 2345 719 2385 ἀστῶν.
753 2343 892 2397 κράτος
910 2344 1073 2386 codices
1093 2354 1134 2387 et
1156 2346 1258 2387 Ald.
1283 2347 1394 2388 Rob.
1457 2346 1647 2388 Scriben-

179 2411 281 2453 dum
315 2412 453 2464 κρατὸς
486 2426 581 2452 cum
619 2412 754 2453 Henr.
787 2411 944 2454 vossio.
1007 2418 1035 2438 ‘⁶
1058 2413 1220 2455 Eadem
1252 2414 1411 2455 ratione
1440 2413 1482 2455 in
1515 2414 1644 2471 Soph.

180 2478 283 2520 OEd.
306 2479 362 2519 R.
386 2480 482 2532 265.
515 2482 586 2519 νῦν
617 2479 650 2519 δ’
675 2479 717 2522 ἐς
745 2478 790 2519 τὸ
822 2480 951 2521 κείνου
982 2479 1086 2533 κρᾶτ’
1110 2480 1269 2531 ἐνήλαθ’
1291 2482 1316 2534 ἡ
1346 2481 1456 2535 τύχη.
1518 2481 1645 2522 Conf.

179 2545 330 2601 Antig.
351 2554 474 2601 1253.
499 2545 646 2601 1322.”
676 2546 952 2588 AHRENS.
974 2562 1016 2603 p.
1040 2558 1110 2600 27.

237 2616 337 2668 687.
369 2615 390 2654 ὁ
411 2614 575 2655 Λύκειος
606 2612 825 2656 Stanieius.
855 2615 1012 2658 ὁλύκιος
1031 2614 1098 2656 vel
1123 2615 1280 2659 ὀλύκιος
1299 2614 1407 2667 libri,
1429 2615 1507 2658 nisi
1528 2615 1646 2672 quod

178 2682 321 2733 ὄλβιος
340 2696 391 2722 ex
414 2681 512 2722 Par.
533 2679 720 2721 affertur.

238 2749 332 2790 688.
355 2748 484 2805 πάσᾳ]
506 2751 642 2790 πᾶσαν
663 2747 806 2789 Guelf.
828 2747 930 2789 Ald.

237 2820 416 2875 νεολαίᾳ]
440 2812 603 2876 νεολιῖιᾳ
623 2821 688 2861 Μ.
721 2821 866 2863 νεολέα
886 2821 987 2862 Ald.
1021 2821 1164 2877 νεολέα
1185 2820 1299 2863 Rob.

237 2887 491 2946 καρποτελεῖ]
517 2888 787 2931 Scribendum
811 2891 1032 2942 καρποτελῆ
1052 2904 1146 2931 cum
1171 2888 1365 2931 Stanleio.

850 2969 965 3009 412

951 3026 996 3083 N
