1962 3224
411 161 725 203 ADDENDA
757 161 842 201 ET
875 159 1314 202 CORRIGENDA.
1516 158 1600 201 645

661 329 1058 371 EUMENIDES.

194 412 242 453 P.
262 422 360 467 517,
387 423 451 453 20.
474 410 653 465 ἐκφΰξαι]
676 411 855 463 ἔκψῦξαι.

194 480 244 520 Ρ.
265 491 361 534 534.
384 493 422 519 v.
446 490 539 534 125,
566 491 604 519 1.
627 477 748 532 πλὴν]
769 480 929 531 πρᾶγμα
948 476 1055 528 πλὴν

194 547 245 587 Ρ.
267 556 366 601 545.
389 561 428 589 ν.
451 559 551 602 334,
574 557 612 587 2.
634 545 932 601 τιμωρουμένη.]
952 543 1234 598 τιμωρουμέυη.
1259 545 1391 586 SCH.

192 615 243 656 P.
266 617 364 669 563.
387 630 427 656 v.
449 624 547 670 735,
568 615 610 654 6.
632 613 780 668 αὐτοῖς]
806 613 924 665 αὐτῆς

194 684 260 739 [Ρ.
281 684 380 739 564.
412 698 451 725 ν.
474 694 574 738 753,
600 683 639 724 6.
680 683 733 723 In
762 682 970 739 plerisque
991 680 1299 738 exemplaribus
1330 697 1408 739 pro
1439 681 1600 736 ψήφους

134 751 239 793 male
259 751 412 808 legitur
431 751 608 807 ψῆφους]

191 822 242 861 P.
265 822 362 876 566.
387 836 423 861 v.
448 821 546 876 785,
566 833 607 875 3.
630 819 942 877 propagatum]
964 829 1257 876 propagatum.
1288 820 1421 861 SCH.

192 891 242 931 P.
262 891 360 945 567.
382 905 420 930 v.
445 890 542 943 827,
566 890 606 931 6.
628 889 738 944 Jac.]
761 890 870 930 Lav.
949 878 952 887 ¹

193 958 241 998 P.
255 967 353 1012 575.
372 973 412 998 ν.
431 968 555 1013 1037,
570 970 612 1012 5.
627 956 912 1012 πυρισέπτορι,]
934 956 1202 1010 πυρισέπτορι,
1222 955 1252 997 si
1270 955 1352 998 illic
1372 965 1482 998 recte
1501 957 1600 1014 legi-

134 1035 204 1067 tur
226 1026 436 1078 εὐθύφρουι
455 1028 606 1079 πομπᾷ,
628 1025 743 1081 quod
766 1026 928 1079 εὔφρονι
948 1027 1084 1080 πομπᾷ
1107 1023 1370 1066 scribendum
1392 1040 1482 1067 esse
1501 1040 1598 1067 con-

127 1093 228 1150 jecit
249 1094 301 1135 L.
317 1093 564 1135 Dindorfius
584 1093 625 1135 in
649 1094 870 1136 Thesauro
890 1093 974 1136 vol.
995 1107 1038 1150 3.
1058 1109 1100 1150 p.
1125 1106 1233 1149 2503
1257 1094 1313 1135 D.

381 1177 419 1203 V.
444 1174 567 1214 1042.
588 1163 837 1215 τερπόμεναι.
868 1163 953 1204 καθ’
974 1160 1068 1204 ὁδὸν
1089 1161 1138 1218 δ’]
1163 1161 1435 1204 Scribendum
1461 1165 1600 1216 τερπό-

132 1245 247 1281 μεναι
279 1227 361 1270 καθ’
390 1229 496 1280 ὁδόν,
528 1228 665 1271 deleto
697 1229 741 1270 δέ
773 1240 1015 1286 punctoque
1045 1239 1139 1286 post
1171 1231 1265 1271 ὁδόν
1294 1228 1450 1286 posito:
1484 1229 1599 1286 quod

133 1296 238 1338 vidit
259 1296 568 1338 Boissonadius.

687 1421 1045 1462 SUPPLICES.

190 1498 493 1555 [omittendum
511 1498 666 1556 'passim
690 1499 825 1540 Phil.:
858 1515 899 1542 v,
921 1515 962 1540 n.
985 1499 1038 1540 ad
1059 1514 1103 1555 p.
1124 1499 1182 1554 3.]

189 1567 239 1609 P.
260 1579 357 1622 592.
381 1583 417 1608 ν.
443 1579 539 1623 254.
554 1566 725 1623 Ἀλγος]
747 1568 873 1611 ἄλσος
892 1567 1142 1609 Abrensius.

188 1637 238 1678 P.
259 1648 358 1692 597.
379 1651 418 1676 v.
442 1637 540 1692 296,
558 1649 596 1678 1.
617 1636 870 1693 conjectura]
892 1637 1144 1693 conjectura,
1164 1634 1206 1676 in
1228 1650 1313 1691 qua
1334 1634 1366 1676 si
1386 1635 1489 1691 quid
1512 1636 1596 1677 veri

131 1713 251 1755 esset,
272 1704 612 1756 παλλακευμάτων
635 1705 771 1761 potius
792 1705 1053 1746 scribendum
1075 1705 1198 1746 foret.

188 1773 240 1814 P.
275 1773 376 1826 598,
410 1784 447 1813 2.
485 1772 756 1814 Scribendum
791 1773 1147 1828 παλλακευμάτωυ]
1184 1773 1292 1813 Haec
1324 1771 1450 1813 verba
1484 1771 1595 1813 dele-

131 1850 271 1884 antur.

189 1911 239 1951 P.
259 1909 359 1951 608.
382 1924 421 1950 v.
440 1918 542 1964 435,
563 1922 605 1964 3.
625 1924 676 1949 ex
699 1908 778 1950 Ph.
800 1910 886 1962 ἄρει
906 1891 1073 1964 ἆτιεῖαειν]
1099 1908 1316 1950 Deleatur.

190 1978 241 2018 P.
265 1977 360 2030 617.
384 1991 423 2017 V.
442 1978 538 2031 634.
569 1978 643 2018 τᾶν
673 1979 898 2030 Πελασγᾶν
917 1978 1038 2018 πόλιν
1058 1977 1283 2033 Bamberg.
1310 1977 1352 2018 in
1373 1988 1594 2021 comment.

132 2044 185 2086 de
214 2043 382 2085 carmin.
408 2043 646 2100 AEschyleis
676 2059 718 2101 p.
746 2058 808 2096 14.
831 2054 872 2086 et
902 2045 942 2085 in
970 2044 1128 2087 antistr.
1150 2060 1189 2086 v.
1213 2047 1309 2098 646.
1345 2049 1446 2088 Δῖον
1467 2047 1596 2089 ἐπιδό-

131 2129 243 2164 μενοι
263 2110 445 2165 πράκτορ’
467 2112 560 2164 ἄτης
581 2113 695 2153 κότου
719 2114 766 2163 (J
769 2112 856 2154 ovis
875 2112 992 2164 iram,
1013 2113 1150 2170 culpae
1169 2113 1450 2163 exactricem).

189 2181 238 2221 P.
261 2182 354 2223 622.
382 2195 421 2222 v.
446 2190 542 2236 727,
562 2194 604 2234 4.
627 2180 848 2222 videbatur
868 2181 938 2236 ad]
960 2181 1182 2224 videbatur
1204 2181 1389 2223 Seidlero
1408 2182 1461 2223 ad
