1962 3224
618 150 724 201 *AD
756 147 1114 191 SUPPLICES.
1524 142 1612 187 589

141 263 260 305 Hero
279 261 394 320 apud
416 262 629 303 Musaeum
651 276 693 302 v.
715 271 809 316 179.

308 362 518 418 ”Αμφαδὸν
535 363 581 405 οὗ
601 361 830 415 δυνάμεσθα
849 359 992 415 γάμοις
1010 359 1161 401 decom
1178 335 1396 400 πελάσσαι·

310 432 372 474 Οὔ
390 433 467 485 γὰρ
488 432 597 484 ἐμοῖς
615 429 827 472 τοκέεσσιν
847 429 1056 471 ἑπεύαδεν.

141 544 363 588 STANL.
424 542 652 585 Scholiasta
670 543 778 595 παρὰ
801 540 948 593 πατρὸς
968 539 1145 583 ἄκοντος.
1205 538 1304 579 Ηοο
1332 536 1470 594 ipsum
1500 544 1610 577 recte

137 612 318 655 restituit
338 610 569 668 Burgesius
588 611 753 653 ἄκοντος
771 609 932 662 πατρός.

198 681 294 723 228.
314 680 367 733 μὴ
384 679 443 737 ’ν]
465 679 542 732 μὴν
563 679 629 720 Μ.
653 677 798 720 Guelf.
820 675 922 718 Ald.
945 675 1057 717 Rob.

200 760 297 803 229.
328 747 515 802 μάταιον]
552 745 700 788 Lectio
728 744 888 787 vitiosa.
931 744 1109 796 ματαίων
1142 741 1403 785 Schuetzius.
1445 739 1611 794 μάταιος

144 815 367 857 Stanleius.

201 896 298 938 230.
327 879 642 935 τᾶμπλακήμαθ,
665 880 732 936 ὥς]
758 880 826 922 Sic
847 879 1009 937 steph„
1030 878 1107 920 nisi
1128 876 1241 935 quod
1263 875 1537 929 τάπλακήμαθ’
1558 876 1611 920 ὡς

142 950 317 1008 scripsit.
363 949 486 992 Idem
505 949 548 990 in
569 957 709 990 annot.
732 953 761 973 “
775 945 1062 999 τάπλακήμαθ’,
1085 946 1147 989 ὡς.
1192 944 1259 987 Sic
1282 953 1527 986 annotatum
1547 953 1611 986 est

142 1034 196 1060 ex
229 1017 383 1066 veteri3
426 1026 467 1059 et
498 1016 667 1073 optime,
699 1031 794 1058 meo
823 1015 993 1072 quidem
1022 1013 1199 1070 judicio,
1231 1012 1357 1054 modo
1395 1011 1539 1054 addito
1570 1012 1609 1065 μ’

142 1087 308 1144 legatur
338 1084 655 1139 ἆμπλακήμαθ.”
704 1091 838 1127 ταπλα
871 1086 915 1126 ἑν
945 1101 1077 1136 μακως
1111 1084 1179 1125 Μ.
1221 1099 1271 1124 τα
1308 1087 1393 1124 πλο.
1427 1086 1612 1134 ενμαβως

145 1155 256 1198 Rob.
298 1156 431 1196 ταπλᾶ
461 1155 561 1206 ἐνμᾶ
590 1154 642 1197 ὦς
666 1153 811 1195 Guelf.
853 1154 987 1194 τᾶπλᾶ
1018 1150 1197 1205 ἐγμάβας
1227 1149 1330 1191 Ald.
1374 1148 1612 1202 ταπλάκημα

140 1225 221 1275 βὰς
241 1224 377 1264 Turn.

202 1303 299 1347 231.
322 1290 421 1334 Ζεὺς
440 1290 566 1333 ἄλλος
586 1291 632 1331 ἐν
652 1288 860 1344 καμοῦσιν]
882 1289 931 1330 V.
954 1287 1006 1329 ad
1028 1302 1067 1328 v.
1090 1289 1183 1342 156.

202 1371 302 1413 232.
324 1357 526 1413 σκοπεῖτε]
548 1361 766 1399 σκοπεῖσθε
785 1356 895 1398 Rob.

203 1427 445 1478 κάμείβεσθε
473 1427 590 1467 τόνδε
617 1425 688 1467 τὸν
710 1425 850 1480 τόπον]
877 1422 1182 1480 Corrigendum
1205 1422 1353 1475 τρόπον
1371 1435 1466 1462 cum
1490 1420 1611 1462 Stan-

142 1493 237 1545 leio,
262 1499 302 1534 et
331 1494 438 1534 hunc
466 1493 514 1533 in
543 1493 709 1534 modum
737 1492 993 1548 respondete,
1014 1505 1164 1546 nempe
1183 1503 1309 1545 quem
1341 1504 1381 1529 v,
1401 1499 1496 1543 195.
1518 1503 1608 1544 sqq.

143 1561 193 1603 iis
221 1561 453 1618 praeiverat‚
474 1559 549 1602 ubi
575 1560 815 1612 ἀμείβεσθαι
843 1559 987 1601 eodem
1020 1573 1140 1600 sensu
1171 1556 1417 1614 ponebatur.
1478 1556 1538 1596 Et
1567 1554 1611 1595 in

143 1629 256 1687 ipsis,
276 1645 373 1687 quae
402 1638 656 1686 postremum
687 1627 873 1670 elocutus
892 1637 994 1677 erat,
1017 1625 1153 1667 verbis
1181 1640 1222 1666 v.
1245 1635 1487 1679 225—229.
1514 1638 1612 1680 pars

144 1698 339 1755 quaedam
359 1697 594 1740 continetur
614 1711 774 1745 eorum,
796 1711 893 1752 quae
914 1693 1126 1736 Danaides
1148 1691 1400 1749 respondere
1428 1701 1611 1747 possent,

145 1766 199 1808 ad
219 1781 382 1808 causam
405 1780 522 1807 suam
544 1764 801 1820 Argivorum
824 1762 912 1819 regi
929 1760 1315 1804 commendandam.
1347 1758 1473 1815 Vulg.
1488 1759 1612 1800 lectio

144 1834 260 1875 τόνδε
287 1832 358 1874 τὸν
377 1833 499 1873 τόπον
520 1830 736 1887 significat,
757 1836 795 1871 et
824 1830 935 1870 hunc
963 1829 1098 1870 locum
1127 1842 1221 1869 cum
1248 1828 1334 1868 alio
1358 1833 1611 1883 permutante,

146 1901 198 1942 ab
218 1900 291 1941 hoc
309 1900 393 1940 loco
412 1899 634 1944 discedz'te‚·
666 1896 782 1953 quod
813 1896 951 1937 Danai
978 1895 1148 1937 consilio
1177 1911 1219 1937 v.
1245 1896 1339 1950 189.
1363 1908 1459 1951 223.
1490 1894 1613 1951 plane

146 1976 252 2008 esset
270 1965 535 2007 contrarium.
572 1965 704 2006 SCH.

206 2046 301 2088 234.
323 2033 528 2085 ἆνέλληνα
548 2032 716 2089 στόλον]
738 2031 896 2073 Inutile
912 2040 974 2072 est
995 2033 1159 2081 στόλον,
1176 2039 1382 2072 remotum
1399 2046 1424 2072 a
1441 2030 1612 2082 Bomio,

147 2101 222 2158 qui
241 2101 284 2142 in
304 2100 483 2142 editione
503 2100 639 2157 prima
658 2099 834 2141 correxit
853 2100 1218 2150 ἀνελληνόστολον.
1249 2098 1320 2140 τὸν
1340 2098 1415 2153 οὐχ
1427 2097 1615 2151 Ἕλληνα

150 2170 249 2210 κατὰ
268 2168 419 2220 στολὴν
436 2167 734 2224 interpretatur
753 2166 986 2208 scholiasta.

206 2247 301 2291 235.
331 2234 577 2290 πυκνώμασι]
610 2234 754 2276 Vestes
772 2233 927 2290 spatha
957 2239 1096 2284 textae,
1117 2233 1172 2275 ob
1201 2233 1463 2285 densitatem,
1484 2249 1612 2291 quam

146 2303 245 2345 inde
273 2302 647 2359 consequebantur,
667 2303 906 2353 πυκνώματα
924 2301 1048 2343 diotae
1078 2316 1148 2358 ap.
1171 2301 1320 2343 AEsch.
1344 2302 1491 2359 Suppl.
1515 2316 1612 2356 244.

148 2370 263 2427 quod
282 2385 431 2426 nempe
446 2370 600 2422 σπάθης
613 2369 767 2411 crebris
785 2369 950 2419 ictibus,
969 2385 1000 2410 s.
1018 2374 1202 2423 πληγαῖς,
1220 2379 1269 2410 ut
1283 2369 1400 2426 apud
1419 2370 1612 2412 eumdem

149 2437 297 2480 AEsch.
320 2437 508 2493 Choeph.
532 2449 627 2493 232.
659 2437 831 2491 (σπάθης
860 2454 904 2479 τε
932 2437 1122 2490 πληγάς),
1155 2437 1372 2478 subtemen
1403 2447 1615 2479 texeretur

149 2521 197 2548 ac
226 2507 398 2547 densum
433 2505 530 2546 inde
560 2505 690 2547 fieret.
750 2505 865 2546 Hinc
901 2505 1133 2561 Hesychio,
1165 2506 1238 2561 qui
1271 2505 1325 2546 ad
1356 2515 1613 2562 postremum

148 2573 263 2614 hunc
282 2571 427 2628 tragici
447 2571 584 2612 locum
604 2571 663 2613 ibi
683 2572 851 2613 omnino
866 2572 1031 2628 respicit
1047 2589 1056 2613 :
1090 2573 1296 2624 Σπάθημα·
1317 2574 1519 2624 πύκνωμα,
1537 2573 1615 2614 ἀπὸ

150 2645 228 2682 τῶν
248 2643 332 2683 ταῖς
352 2638 522 2682 σπάθαις
543 2640 861 2691 κατακρουόντων
881 2640 930 2679 τὰ
948 2640 1041 2691 ὕφη.
1103 2639 1268 2690 Quibus
1287 2639 1396 2680 adde
1411 2639 1539 2680 schol.
1562 2640 1615 2681 ad

152 2706 338 2747 Acharn.
364 2716 459 2759 179.
490 2706 652 2746 Στιπτοὶ
681 2705 879 2758 γέροντες,
901 2706 988 2746 ἀντὶ
1017 2709 1086 2746 τοῦ
1111 2707 1264 2747 πυκνοί·
1299 2708 1446 2759 εἴρηται
1474 2707 1518 2746 δὲ
1538 2706 1617 2747 ἀπὸ

151 2777 230 2815 τῶν
279 2771 469 2824 ἐσθήτων,
511 2772 655 2815 αἵτινες
690 2773 932 2825 ὑφανθεῖσαι
972 2774 1029 2816 εἷς
1070 2774 1293 2825 πυκνότητα
1332 2772 1614 2816 συνάπτονται.

153 2840 477 2882 SPANHEM.
500 2839 554 2881 ad
575 2838 794 2895 Aristoph.
818 2838 931 2880 Nub.
953 2848 1022 2894 53·
