1962 3224
15 2875 27 2883 x
12 2782 31 2834 *2:22*
7 2394 35 2767 w.†ae*-0“·.>⁶:⁴1⁴,‘02*mw·—
12 2343 29 2385 aff
20 2320 23 2321 =

625 171 716 211 AD
746 169 1282 211 AGAMEMNONEM.
1602 170 1690 215 899

279 283 402 338 1087.
424 282 466 338 ἃ]
488 282 514 338 ᾅ
534 282 648 325 Rob.

278 352 401 393 1088.
436 353 471 392 εἰ
500 352 564 393 σύ.
596 351 656 399 τὸ,
686 349 773 403 μηδ’
800 352 952 394 ἐννοεῖς
988 349 1056 391 Fl.
1099 351 1288 403 ἀτρειδῶν
1327 348 1374 390 εἶ.
1422 350 1543 404 τόπερ
1569 350 1622 403 μὴ
1656 351 1689 392 δ’

219 420 370 463 ἐννοεῖς
392 419 449 460 Τ.

278 487 402 541 1089.
423 504 484 528 τοι
504 502 581 543 pro
603 503 668 528 σοι
689 486 802 528 Rob.
835 487 934 527 κᾶτα
958 487 988 527 δ’
1012 486 1082 527 οὐκ
1104 487 1206 538 ε’ρεῖς
1227 484 1297 526 Fl.

279 567 401 610 1090.
434 555 552 596 Huic
572 554 710 595 versui
741 555 766 595 ἆ
797 555 822 594 ἆ
842 553 1102 610 praemissum
1134 552 1177 593 in
1200 553 1264 594 M.
1288 552 1392 594 Ald.
1416 553 1525 595 Rob.
1550 555 1690 596 Turn.

218 623 261 664 εὖ
292 623 335 664 εὖ
364 622 405 663 in
430 622 574 663 Guelf.
627 621 804 678 Recepit
823 621 943 673 illud,
965 621 991 663 ἂ
1011 622 1037 663 ἆ
1057 622 1274 677 scriptum,
1298 620 1572 663 Blomfieldus
1595 638 1691 664 ean-

217 690 397 747 demque
427 689 752 746 interjectionem
790 689 928 731 versui
967 687 1268 745 antistrophico
1299 688 1480 744 praefixit
1510 705 1563 730 ex
1596 706 1692 732 con-

211 758 392 815 jectura.

275 827 492 879 συνίστορα
514 826 580 868 Fl.
612 827 824 879 ξυνίστορα
844 825 987 881 vulgo.
1021 825 1239 878 συνίστορα
1255 826 1538 867 accusativum
1556 826 1693 868 πολλά

217 892 340 949 regit,
371 902 419 934 ut
447 893 612 946 πόριμος
643 892 857 934 Prometh.
895 906 991 948 939.
1027 893 1192 946 φύξιμος
1220 892 1336 949 apud
1373 892 1502 949 Soph.
1546 893 1690 951 Antig.

283 1041 407 1085 1091.
431 1028 654 1085 αὐτόφονα]
679 1029 883 1083 αὐτοφόνα
904 1029 974 1070 Fi.
999 1028 1108 1070 Rob.
1155 1028 1300 1070 Caedes
1321 1030 1563 1071 domesticas
1583 1038 1694 1071 recte

219 1096 413 1152 intelligit
434 1096 700 1138 Klausenius.

279 1166 379 1207 κακὰ
410 1163 507 1214 κάκ’,
529 1164 710 1220 ἆρτάναι]
749 1165 815 1206 Sic
845 1164 1062 1206 emendavi
1091 1164 1336 1221 scripturam
1364 1164 1567 1206 librorum
1595 1167 1695 1207 κακὰ

222 1231 424 1285 κάρτάναι.
457 1232 623 1285 ἀρτάναι
650 1232 690 1273 iu
714 1233 886 1286 ἀρτάνας
913 1231 1160 1273 mutandum
1184 1247 1279 1273 cum
1303 1233 1360 1273 T.
1382 1232 1423 1272 in
1446 1248 1532 1288 quo
1555 1232 1694 1286 κᾶρτά-

221 1318 291 1344 νας
310 1300 522 1357 scriptum.

286 1382 409 1424 1092.
442 1369 585 1422 ἀνδρὸς
615 1373 817 1422 σφαγεῖον
849 1367 1049 1422 (σφάγιον
1079 1367 1180 1408 Ald.
1213 1367 1325 1408 Rob.
1351 1367 1495 1424 Steph.
1518 1368 1697 1422 σφάγιόν

221 1454 264 1479 τε
286 1438 342 1478 Τ.
376 1437 675 1491 ἀνδροσφάγιον
697 1436 990 1490 Casaubonus)
1015 1437 1079 1478 καὶ
1109 1436 1232 1477 πέδον
1266 1436 1406 1489 (πέδου
1438 1437 1693 1490 Pearsonus)

220 1504 448 1560 ῥαντήριον]
488 1506 811 1559 ἀνδροσφαγεῖον
847 1504 1070 1546 Dobraeus.
1127 1505 1224 1545 Hoc
1258 1504 1333 1560 qui
1372 1504 1537 1560 probat,
1570 1505 1695 1546 etiam

221 1573 552 1626 πεδορραντήριον
570 1573 772 1629 conjicere
803 1573 966 1630 poterit.
1031 1572 1114 1614 Sed
1146 1572 1397 1614 servandum
1430 1572 1597 1614 videtur
1628 1567 1697 1614 ἀν’-

222 1641 313 1695 δρὸς
362 1645 576 1696 σφαγεῖον,
617 1641 774 1682 adscita
816 1641 1012 1683 Pearsoni
1051 1641 1341 1683 emendatione
1385 1641 1507 1683 πέδου
1551 1642 1696 1695 ῥαντή-

221 1726 322 1763 ριον.

285 1791 406 1833 1093.
428 1779 552 1833 εὓριν]
580 1778 853 1820 Scribendum
880 1780 986 1832 εὔριν
1007 1794 1100 1820 cum
1126 1778 1391 1821 Blomfieldo.
1426 1780 1528 1833 εὔρις
1550 1779 1695 1821 Guelf.

225 1847 280 1888 T.
312 1846 418 1888 Ald.
450 1847 559 1888 Rob.
593 1848 730 1888 Turn.
775 1849 882 1901 εὔριν
917 1848 982 1889 Μ.
1017 1847 1155 1889 deleto
1191 1865 1214 1889 v
1248 1858 1290 1889 et
1328 1848 1608 1904 superscripto
1643 1848 1697 1889 ab

222 1930 349 1955 manu
382 1914 558 1970 antiqua
598 1933 630 1964 ς,
664 1915 893 1956 secundum
928 1915 1248 1957 Blomfieldum:
1293 1917 1396 1970 εῧρις
1427 1916 1610 1958 enotavit
1644 1916 1697 1957 de

223 1982 368 2024 Furia.
415 1987 444 2007 ‘⁶
463 1982 655 2039 Sophocl.
688 1983 761 2038 Aj.
791 1984 828 2024 8.
861 1983 975 2027 κυνὸς
998 1985 1199 2036 Λακαίνης
1226 1985 1278 2028 ὥς
1301 2002 1360 2028 τις
1386 1986 1537 2038 εὔρινος
1560 1984 1696 2037 βάσις.

223 2050 424 2107 Apollon.
446 2051 587 2092 Rhod.
614 2064 651 2094 2.
676 2061 769 2106 125.
794 2053 981 2104 ε’ϋρρίνων
1001 2069 1045 2092 τε
1065 2056 1202 2093 κυνῶν.
1241 2052 1311 2093 nbi
1331 2052 1415 2094 vid.
1439 2052 1566 2094 schol.
1599 2052 1696 2094 Vid.

223 2116 331 2158 infra
365 2128 488 2172 1155.
518 2119 699 2159 Eumen.
725 2119 822 2170 246.
857 2119 1029 2160 Lucret.
1064 2133 1100 2170 1,
1122 2120 1220 2171 460.
1253 2122 1453 2177 IVamque
1480 2134 1617 2170 canes,
1649 2126 1698 2161 ut

225 2186 482 2242 montivagae
506 2199 695 2242 persaepe
706 2186 834 2241 ιῙὲναῖ
863 2187 1060 2228 Naribus
1086 2189 1311 2230 inveni-unt
1341 2189 1516 2230 intectas
1528 2189 1698 2244 fronde

223 2255 393 2310 quietes,
418 2256 557 2302 Quum
586 2256 713 2295 semel
740 2256 989 2296 institerunt
1021 2257 1205 2312 vestigia
1232 2263 1345 2298 certa
1367 2258 1479 2303 via'i3
1514 2258 1589 2298 Sic
1609 2257 1699 2297 alid

223 2336 276 2363 ece
295 2322 380 2364 alio
391 2336 473 2378 per
495 2328 532 2363 te
553 2328 639 2363 tute
659 2324 747 2379 ipse
770 2323 912 2364 videre
939 2324 1116 2364 Talibus
1135 2326 1182 2365 in
1204 2326 1327 2366 rebus
1344 2326 1522 2381 poteris,
1543 2340 1695 2366 caecas-

223 2404 302 2446 que
339 2390 519 2431 latebras
559 2391 792 2432 Insinuare
829 2406 982 2443 omnes,
1023 2398 1062 2433 et
1094 2407 1242 2434 verum
1272 2394 1526 2450 protrahere
1560 2395 1698 2435 inde.''

225 2458 461 2499 BLOMF.

287 2539 408 2580 1094.
448 2528 608 2579 ματεύει
647 2528 702 2568 Τ.
745 2527 890 2584 Steph.
940 2529 1125 2578 μαντεύει
1161 2529 1226 2570 Μ.
1262 2529 1407 2570 Guelf.
1444 2529 1547 2570 Ald.
1583 2529 1696 2571 Rob.

226 2593 500 2635 scribendum
522 2595 706 2646 ματεύειν
726 2610 821 2636 cum
844 2597 982 2637 Turn.

283 2660 494 2714 ἀνευρήσει
524 2662 749 2704 Porsonus.
793 2664 843 2704 ἀν
873 2662 1030 2716 εὑρήσει
1057 2663 1122 2703 Μ.
1155 2664 1270 2719 apud
1304 2664 1614 2715 Blomfieldum,
1647 2665 1697 2706 ἂν

226 2728 371 2782 εὑρήση
402 2730 469 2770 Μ.
490 2729 604 2785 apud
636 2730 787 2771 Frauc.
810 2730 862 2770 de
893 2731 929 2770 F
936 2730 1025 2770 uria
1045 2741 1087 2771 et
1118 2732 1226 2772 Rob.
1260 2732 1310 2773 ἂν
1338 2732 1473 2786 ἑιρήση
1494 2732 1598 2774 Ald.
1647 2732 1697 2774 ἂν

226 2797 436 2850 ἀνευρήσει
458 2798 594 2837 Turn.
628 2797 839 2850 ἐφευρήσει
861 2799 917 2839 Τ.
944 2798 1088 2854 Steph.

288 2875 409 2918 1095.
430 2865 677 2917 μαρτυρίοισι
697 2865 908 2907 Pauwius.
939 2867 1164 2920 μαρτυρίοις
1184 2865 1292 2908 libri.

284 2930 381 2987 γὰρ]
403 2933 478 2985 μὲν
497 2934 574 2986 γὰρ
595 2933 631 2973 F
635 2931 660 2973 Ι.
683 2933 739 2974 Τ.
