1962 3224
376 213 461 254 488
849 215 935 255 AN
939 215 1342 256 NOTATIONES

377 322 428 364 cf.
451 323 654 379 Harpocr.
678 338 715 364 v.
740 323 993 375 ἐκδεξάμενος
1012 339 1061 365 ex
1082 339 1212 380 eoque
1235 324 1352 366 Suid.
1382 324 1685 365 ABRESCH.
1732 323 1809 364 Ce-

378 398 510 430 terum
525 389 566 429 in
581 398 667 430 toto
683 390 758 431 hoc
774 390 942 431 nutricis
962 405 1144 432 sermone
1158 390 1449 432 admirabiliter
1465 390 1620 432 effinxit
1633 389 1810 445 AEschy-

376 455 442 497 lus
471 455 547 497 hoc
577 455 905 498 muliercularum
934 472 1076 514 genus,
1107 472 1329 513 earumque
1362 472 1580 514 puerorum
1616 470 1808 505 amorem,

376 522 672 579 garrulitatem,
696 523 951 564 minimarum
983 538 1119 565 rerum
1149 532 1379 565 accuratam
1409 523 1640 565 memoriam
1667 523 1721 563 sic
1740 537 1810 563 ex-

377 589 537 646 pressit,
560 598 605 630 ut
624 604 675 630 ex
695 589 782 644 ipsa
802 599 946 630 natura
966 590 1144 631 hausisse
1165 591 1365 640 videatur,
1382 604 1631 646 quamquam
1648 588 1811 629 videtur

377 655 498 696 etiam
530 655 624 696 boni
654 655 758 696 senis
787 656 993 697 Phoenicis
1021 657 1132 712 apud
1161 658 1287 698 Hom.
1310 657 1360 697 Il.
1384 661 1418 707 I,
1438 658 1534 710 482.
1557 671 1643 712 sqq.
1665 655 1808 711 imagi-

377 735 469 762 nem
488 721 624 762 animo
638 730 679 762 et
698 722 891 763 memoria
909 723 1135 764 recoluisse.
1168 724 1298 764 SCH.

433 787 564 842 πατρὶ]
604 804 646 830 ος
685 788 1004 844 superscriptum
1042 789 1083 829 in
1120 790 1183 830 M.
1219 804 1271 830 ex
1308 789 1541 844 conjectura
1577 788 1812 829 correctoris

378 853 718 895 constructionem
748 854 861 895 verbi
892 855 1077 908 δέχεσθαι
1104 855 1339 911 ignorantis,
1360 855 1412 895 de
1436 869 1519 910 qua
1543 869 1583 896 v.
1604 856 1812 896 Porsonus

376 930 418 961 et
440 919 668 961 Schaeferus
687 919 738 960 ad
762 920 910 976 Eurip.
932 922 1096 963 Hecub.
1116 934 1214 977 539.

436 987 530 1040 764.
552 987 714 1043 στείχω]
738 988 907 1040 στείχων
928 988 991 1029 Μ.

436 1055 490 1107 76
490 1067 531 1108 5.
569 1053 773 1107 πεύσεται]
816 1055 980 1096 πεύσετε
1020 1054 1118 1096 Ald.
1180 1053 1469 1096 Insuavitatem
1510 1053 1636 1109 hujus
1675 1067 1814 1094 versus

377 1119 535 1161 notavit
573 1119 781 1161 Butlerus.
841 1120 1048 1176 Equidem
1090 1120 1347 1162 scribendum
1386 1126 1491 1176 puto
1524 1120 1638 1161 τόνδε
1674 1120 1812 1172 λόγον.

380 1188 516 1242 Supra
537 1196 631 1240 724.
661 1186 780 1239 φάτιν
801 1185 957 1228 Ἐλθὼν
985 1189 1149 1239 πύθηται
1177 1187 1303 1239 τήνδε.
1353 1199 1446 1242 731.
1480 1185 1554 1229 εὖτ’
1573 1187 1622 1228 ἂν
1650 1187 1814 1237 πύθηται

377 1257 511 1306 μῦθον.
544 1254 772 1295 BLOMF.
822 1254 1091 1295 Accusativos
1111 1263 1219 1296 recte
1239 1254 1415 1296 restituit
1436 1252 1716 1294 Blomfieldus.

436 1321 534 1373 766.
556 1322 683 1362 Hunc
698 1334 876 1370 versum,
893 1335 985 1362 cum
1004 1321 1168 1362 duobus
1187 1321 1371 1376 proxime
1386 1319 1663 1376 sequentibUS,
1678 1318 1813 1361 Oresti

379 1386 523 1428 tribuit
542 1387 652 1429 Rob.
704 1387 843 1429 Choro
863 1389 994 1428 Turn.
1019 1386 1161 1443 Steph.
1194 1386 1422 1428 BLOMF.

436 1455 531 1508 767.
550 1453 573 1506 ἢ
592 1453 691 1510 πῶς]
716 1454 984 1496 Scribendum
1005 1455 1108 1497 ὅπως
1126 1467 1218 1494 eum
1241 1453 1468 1495 Schuetzio.

437 1521 531 1574 768.
553 1522 587 1562 εἰ
608 1521 744 1562 Turn.
768 1521 910 1577 Steph.
940 1520 964 1572 ἢ
983 1520 1075 1562 libri
1095 1519 1251 1576 reliqui.

436 1597 530 1641 770.
551 1587 604 1639 μή
623 1588 710 1641 νυν]
733 1587 786 1639 μὴ
806 1591 876 1629 νῦν
895 1587 1032 1643 vulgo.

435 1655 586 1708 στύγει]
613 1658 751 1707 στυγεῖ
767 1654 875 1695 Rob.

437 1731 532 1775 771.
559 1720 809 1774 ἀδειμάντως]
844 1719 1043 1761 Praeferat
1071 1719 1206 1760 forsan
1235 1718 1382 1774 aliquis
1405 1718 1629 1771 ἆδειμάτως,
1649 1718 1752 1759 sicut
1771 1718 1812 1759 in

378 1788 491 1828 Pers.
517 1787 607 1829 162.
629 1786 803 1837 οὐδαμῶς
823 1787 985 1837 ἐμαυτῆς
1004 1784 1086 1826 οὖσ’
1110 1786 1324 1835 ἇδείματος,
1347 1785 1470 1838 φίλοι.
1533 1785 1614 1826 Sed
1637 1795 1745 1826 recte
1771 1801 1813 1826 se

374 1853 525 1894 habere
545 1852 780 1904 ἀδειμάντως
798 1860 996 1893 monstrat
1015 1865 1162 1891 nomen
1187 1850 1390 1892 archontis
1409 1851 1673 1893 Atheniensis
1689 1852 1814 1894 Ἀδεί-

375 1937 531 1973 μαντος.
561 1919 789 1960 BLOMF.
842 1920 894 1960 In
914 1932 1035 1960 versu
1056 1919 1275 1958 Persarum
1292 1931 1401 1959 nunc
1421 1918 1647 1969 ἀδείμαντος
1667 1918 1814 1974 legitur

376 2003 400 2028 e
419 1986 531 2028 libris
550 1985 727 2042 optimis.

437 2051 553 2109 κλύῃ]
578 2053 685 2093 κλύει
705 2051 807 2092 Ald.

434 2130 533 2174 772.
563 2119 731 2173 τάχιστα
759 2118 934 2171 γαθούσῃ
965 2118 1098 2157 Turn.
1132 2116 1274 2172 Steph.
1318 2116 1468 2170 τάχιστ’
1491 2117 1692 2170 ἆγαθούσῃ
1720 2116 1814 2159 libri

378 2186 539 2242 reliqui.
583 2185 753 2239 τάχιστα
772 2184 945 2239 γηθούσῃ
972 2183 1166 2224 Pauwius
1193 2192 1300 2224 recte
1329 2183 1520 2224 fortasse:
1553 2197 1686 2238 neque
1705 2183 1812 2224 enim

376 2253 614 2294 Dorismum
635 2251 677 2291 in
698 2251 775 2292 hoc
796 2249 934 2300 verbo,
955 2258 1001 2290 ut
1020 2249 1060 2289 in
1083 2251 1247 2302 κυναγός
1275 2249 1444 2304 aliisque
1467 2248 1673 2289 nonnullis
1692 2263 1807 2291 voca·

375 2319 496 2370 bulis,
517 2318 691 2373 tragicos
711 2315 918 2357 admisisse
937 2322 1110 2356 constat.

433 2396 528 2439 773.
552 2381 730 2437 κρυπτοο·’
752 2382 854 2423 Ald.
899 2381 1062 2434 κρυπτὸς
1080 2381 1213 2422 ceteri.
1256 2381 1410 2436 ὀρθῶσῃ
1431 2380 1549 2433 φρενί
1567 2380 1701 2421 Turn.
1751 2383 1813 2433 ὀρ-

375 2452 496 2503 θούση
531 2451 650 2504 φρενί
680 2463 731 2490 ex
763 2449 843 2489 fine
881 2461 1020 2488 versus
1051 2446 1269 2503 superioris
1301 2447 1364 2486 M.
1397 2446 1540 2488 Guelf.
1570 2446 1669 2487 Ald.
1702 2447 1811 2488 Rob.

375 2519 488 2561 citat
509 2516 632 2559 schol.
654 2517 797 2557 Venet.
817 2515 857 2555 in
882 2514 931 2555 Il.
951 2517 1000 2555 O.
1024 2524 1117 2567 207.
1140 2515 1183 2555 ἑν
1204 2513 1361 2568 ἀγγέλῳ
1381 2514 1456 2566 γὰρ
1477 2513 1615 2557 κυπτὸς
1633 2515 1812 2566 ὀρθοῦται

373 2587 509 2639 λόγος,
530 2592 571 2625 et
591 2582 786 2638 Euripidi
807 2580 961 2622 tribuit.
1004 2581 1110 2621 Haec
1130 2580 1351 2636 compilans
1367 2579 1610 2621 Eustathius
1630 2579 1671 2621 in
1694 2580 1743 2621 ΙΙ.
1761 2584 1809 2621 Ο.

371 2666 414 2706 p.
434 2663 554 2706 1013,
575 2662 637 2690 11.
660 2648 796 2689 scribit
819 2648 991 2700 κρυπτός.
1023 2647 1252 2688 BLOMF.

430 2727 525 2770 774.
547 2716 587 2770 ἤ]
614 2714 637 2766 ἢ
661 2714 803 2756 Guelf.
835 2713 869 2755 εἲ
889 2712 993 2754 Ald.

429 2786 589 2836 φρονεῖς
619 2781 680 2837 εὖ]
714 2781 857 2836 Sapis.
901 2780 1020 2820 Num
1050 2793 1156 2820 sana
1189 2793 1245 2830 es,
1277 2779 1398 2820 rebus
1432 2777 1547 2820 modo
1579 2778 1811 2819 istiusmodi

369 2849 577 2891 nuntiatis
591 2849 610 2888 ,9
656 2848 763 2888 Nam
802 2845 1038 2887 insanientis
1076 2846 1250 2900 putabat
1281 2845 1435 2886 Nutrix
1467 2843 1575 2885 istud
1610 2844 1809 2886 monitum

365 2915 543 2969 γηθούσῃ
563 2914 682 2966 φρενί
698 2912 821 2955 rebus
841 2912 897 2954 sic
918 2911 1129 2954 stantibus.
1162 2911 1390 2954 BLOMF.
