1962 3224
416 180 499 223 602
882 184 1374 226 ANNOTATIONES

412 293 561 348 Neque
581 308 677 335 vero
705 309 776 335 rex
806 309 886 335 non
916 305 1124 337 assecutus
1149 306 1225 346 est,
1247 296 1348 353 quid
1377 296 1440 338 his
1466 296 1598 338 verbis
1626 296 1840 338 innuerent

409 359 571 415 puellae.
631 361 777 402 Statim
797 362 903 403 enim
923 362 1095 418 regerit:

634 431 714 471 πῶς
733 429 802 469 οὖν
820 430 916 481 πρὸς
933 430 1031 481 ὑμᾶς
1051 430 1217 482 εὐσεβὴς
1237 431 1313 483 ἐγὼ
1332 430 1440 472 πέλω
1455 449 1465 478 ;

409 492 525 547 quasi
545 492 719 535 diceret:
752 495 869 536 Satis
898 496 1079 536 intellexi
1108 510 1170 536 me
1195 511 1222 536 a
1245 498 1356 538 vobis
1384 497 1516 552 carpi,
1539 497 1645 552 quod
1672 509 1839 537 causam

409 565 587 599 vestram
600 560 795 609 deserere,
806 567 850 615 et,
851 562 1013 614 justum
1026 562 1138 602 vobis
1149 563 1356 603 auxilium
1369 577 1559 604 recusare
1575 563 1672 603 velle
1685 562 1838 603 videar.

408 625 557 681 Itaque
584 627 719 677 dicite,
741 627 843 682 quid
851 629 1057 682 jaciendo
1086 629 1199 670 vobis
1220 630 1415 684 pietatem
1435 634 1472 670 et
1486 629 1703 684 justitiam
1723 641 1837 683 prae-

407 697 519 733 stare
530 694 723 748 possim?
755 694 884 734 SCH.

463 757 520 812 γ’]
545 758 576 799 τ’
601 760 664 800 Μ.
686 759 827 800 Guelf.
848 760 948 800 Ald.
971 760 1078 801 Rob.

462 837 561 879 340.
581 826 633 877 μὴ
651 825 777 881 ’κδῷς]
796 826 847 877 μὴ
866 825 974 868 ’κδὼς
994 825 1095 867 Ald.
1127 827 1178 878 μὴ
1196 825 1319 870 ’κδοὺς
1340 826 1594 868 Schuetzius.

462 905 560 946 341·
581 892 749 945 ἄρασθαι
770 892 879 933 Rob.
904 892 1046 948 Steph.
1083 894 1261 945 αἴρεσθαι
1282 893 1421 934 Guelf.
1444 893 1544 934 Ald.
1563 894 1696 934 Turn.

462 971 559 1012 342.
593 958 725 1009 ἀλλ’ἢ
750 960 832 1008 δίκη
860 975 908 1012 γε
934 958 1141 1013 ξυμμάχων
1163 959 1412 1014 ὑπερστατεῖ]
1441 959 1664 1001 Stanleius:
1697 973 1838 1001 verum

390 1026 571 1080 justitia
609 1025 882 1066 auoeilz‘atores
921 1031 1068 1066 tuetur.
1110 1026 1300 1079 ξύμμαχοι
1329 1034 1464 1067 autem
1500 1027 1539 1067 h.
1569 1026 1595 1067 l.
1631 1041 1712 1067 non
1744 1034 1840 1067 sunt

405 1091 572 1147 Argivi,
611 1100 815 1146 quatenus
853 1091 1111 1132 Danaidibus
1144 1092 1413 1147 opitulantur,
1452 1092 1521 1133 sed
1569 1093 1745 1134 refertur
1786 1091 1839 1132 ad

406 1159 538 1200 Deam
551 1159 762 1199 «Iustitiam
776 1175 788 1206 ;
820 1158 908 1200 haec
922 1158 1072 1200 dicitur
1090 1159 1306 1214 defendere
1319 1160 1609 1202 commilitones
1626 1175 1735 1210 suos,
1752 1160 1792 1200 h.
1803 1175 1837 1200 e.

404 1241 487 1276 eos,
508 1241 683 1281 quorum
707 1226 822 1281 justa
849 1235 909 1267 est
934 1241 1069 1275 causa,
1089 1225 1291 1282 amplecti,
1313 1236 1354 1268 et
1381 1236 1430 1268 ut
1459 1227 1685 1282 superiores
1709 1226 1837 1267 disce-

404 1292 504 1334 dant
521 1292 689 1334 efficere.
748 1292 908 1333 Eodem
938 1292 1022 1333 fere
1051 1292 1174 1333 modo
1192 1308 1229 1334 v,
1249 1306 1304 1348 39
1306 1303 1345 1348 5.
1373 1293 1574 1346 ξύμμαχον
1597 1293 1627 1333 δ’
1651 1294 1836 1345 ἑλόμενος

405 1359 515 1400 δίκαν
534 1358 695 1399 dicitur.
728 1359 857 1399 SCH.

459 1437 557 1479 343.
576 1423 612 1477 γ’
634 1439 715 1465 om.
737 1424 838 1466 Ald.
871 1423 902 1465 δ’
925 1424 1033 1465 Rob.

462 1491 646 1534 κοινωνὸς
675 1491 785 1532 Rob.
806 1506 857 1531 ex
887 1491 1118 1547 conjectura
1145 1491 1353 1546 Sophiani,
1377 1492 1511 1531 Turn.
1534 1490 1676 1546 Steph.
1713 1490 1839 1532 κοινὸς

405 1558 469 1598 Μ.
493 1557 634 1598 Guelf.
655 1556 757 1598 Ald.
779 1562 806 1582 “
825 1556 1022 1612 Pelasgus
1041 1557 1116 1598 hoc
1138 1556 1358 1612 significat:
1385 1558 1509 1597 Recte
1527 1557 1643 1597 istud
1660 1556 1836 1612 quidem,

402 1625 441 1665 εἰ
460 1625 658 1665 nimirum
678 1624 855 1665 Justitia
883 1625 1026 1664 statim
1051 1624 1102 1664 ab
1131 1625 1253 1664 initio
1271 1638 1406 1664 causae
1424 1624 1550 1664 alicui
1575 1625 1838 1679 patrocinata

393 1691 545 1744 fiterit.
593 1691 817 1731 Enimvero
837 1689 912 1730 hoc
931 1689 1065 1745 ipsum
1087 1690 1168 1744 regi
1190 1689 1363 1730 dubium
1384 1699 1483 1739 erat,
1504 1705 1639 1731 annon
1659 1690 1840 1746 AEgypti

402 1757 475 1798 filii
499 1757 595 1812 jure
629 1772 703 1798 suo
735 1755 970 1797 Danaidum
999 1755 1163 1812 nuptias
1192 1755 1438 1806 ambiissent,
1466 1756 1519 1797 cf.
1555 1772 1592 1798 v.
1623 1757 1720 1810 387.
1747 1771 1836 1811 sqq.

402 1823 577 1879 ideoque
593 1838 659 1864 eas
673 1824 769 1879 jure
787 1838 966 1878 quoque,
985 1822 1017 1862 si
1036 1822 1190 1872 liberet,
1211 1831 1391 1878 repetere
1411 1824 1611 1878 possent.”
1642 1824 1773 1864 SCH.

458 1903 555 1946 344.
595 1890 786 1944 πρύμναν]
820 1888 935 1930 Male
976 1887 1178 1929 Stanleius
1213 1903 1350 1944 regem
1387 1888 1520 1944 ipsum
1554 1890 1730 1942 πρύμναν
1761 1889 1838 1930 dici

402 1965 536 2012 putat.
596 1955 704 2004 Quin
735 1955 872 2010 potius
901 1956 1054 2006 πρύμνα
1081 1955 1224 1997 πόλεος
1250 1954 1292 1995 h.
1312 1954 1340 1995 l.
1367 1954 1597 2010 appellatur
1623 1955 1709 2011 ipse
1739 1956 1839 2008 ἀγω-

404 2025 497 2064 νίων
516 2026 615 2064 θεῶν
634 2022 770 2075 πάγος,
791 2021 843 2062 ad
863 2035 987 2076 quem
1008 2020 1215 2061 Danaides
1242 2021 1516 2062 consederant.
1576 2022 1635 2062 Et
1654 2022 1752 2077 quia
1771 2021 1837 2062 hic

401 2088 443 2129 in
464 2098 645 2129 extrema
667 2095 784 2143 parte
816 2086 942 2136 urbis,
963 2101 1104 2126 versus
1133 2101 1254 2138 mare,
1286 2086 1386 2127 situs
1415 2096 1516 2138 erat,
1545 2087 1647 2128 bene
1676 2096 1836 2143 poterat

402 2153 482 2194 dici
499 2155 652 2206 πρύμνα
671 2154 827 2195 πόλεος.
888 2153 1038 2192 Sensus
1063 2152 1189 2207 igitur
1206 2142 1288 2193 est:
1321 2153 1539 2203 Reverere,
1560 2167 1708 2208 quaeso,
1724 2167 1834 2208 pup—

399 2221 488 2275 pim
507 2221 689 2260 civitatis
707 2219 779 2260 hoc
795 2218 910 2259 modo
924 2224 1184 2264 coronatam;
1218 2218 1258 2259 h.
1274 2233 1308 2259 e.
1329 2232 1427 2258 aras
1441 2218 1573 2268 hasce,
1588 2219 1632 2258 in
1652 2225 1836 2259 ewtrema

401 2286 516 2326 urbis
538 2291 662 2340 parte
690 2286 808 2334 sitas,
832 2286 892 2325 sic
920 2290 967 2325 ut
996 2284 1123 2334 vides,
1144 2285 1272 2324 ramis
1301 2290 1340 2324 et
1365 2285 1491 2334 vittis,
1512 2285 1742 2339 supplicum
1770 2285 1836 2324 ἰπ-

401 2352 605 2407 signibus,
640 2357 820 2392 ornatas.
881 2351 1003 2390 Hanc
1041 2349 1414 2404 interpretationem
1452 2359 1591 2404 aperte
1624 2350 1835 2390 confirmat

402 2433 574 2474 sequens
601 2417 709 2472 regis
736 2430 997 2472 responsum:
1036 2415 1207 2467 πέφρικα
1234 2416 1416 2456 λεύσσων
1444 2415 1551 2455 τάσδ’
1583 2416 1693 2467 ἕδρας
1723 2433 1836 2456 κατα-

403 2486 555 2528 σκίουςε
587 2485 629 2524 in
649 2498 734 2538 quo
753 2482 860 2524 τάσδ’
880 2483 991 2535 ἔδρας
1009 2481 1115 2522 idem
1137 2490 1197 2522 est
1217 2480 1329 2536 quod
1350 2481 1488 2536 puella
1501 2482 1676 2534 πρύμναν
1691 2483 1835 2524 πόλεος

401 2551 689 2608 appellaverat,
723 2559 764 2591 et
803 2550 1031 2591 κατασκίους
1069 2547 1170 2587 nihil
1206 2547 1320 2587 aliud
1352 2562 1476 2602 quam
1510 2548 1622 2603 quod
1660 2547 1729 2588 illa
1761 2562 1835 2603 per

403 2618 642 2670 ἐστεμμένην
662 2617 972 2672 significaverat,
992 2615 1044 2656 cf.
1065 2629 1104 2654 v.
1124 2627 1148 2668 3
1153 2625 1221 2668 54.
1254 2615 1404 2654 Sensus
1422 2613 1548 2669 igitur
1567 2624 1646 2654 est:
1685 2616 1834 2670 Utique
1854 2622 1878 2643 ⁸

401 2700 519 2727 sacro
547 2685 722 2741 quodam
751 2685 934 2732 horrore,
965 2682 1033 2738 pia
1061 2680 1327 2730 veneratione,
1353 2694 1414 2720 me
1434 2682 1674 2736 perculsum
1703 2682 1833 2722 sentio

402 2753 475 2793 has
495 2752 664 2792 deorum
686 2752 863 2803 ἀγωνίων
883 2749 997 2789 sedes
1024 2749 1084 2788 sic
1112 2748 1386 2795 obumbratas,
1407 2747 1450 2786 h.
1472 2762 1507 2788 e.
1536 2748 1668 2788 ramis
1697 2749 1833 2788 vittis-

401 2833 478 2875 que
496 2823 694 2859 contectas
714 2817 956 2872 adspiciens.
990 2815 1119 2856 SCH.
1167 2815 1286 2864 αἰδοῦ,
1308 2813 1358 2854 σὺ
1377 2813 1529 2865 πρύμνα
1553 2814 1704 2857 πόλεως
1723 2813 1832 2854 Rob.

402 2901 453 2926 ex
472 2885 718 2940 conjectura.
