1962 3224
405 179 489 222 614
874 185 1367 228 ANNOTATIONES

456 305 554 347 550.
578 295 700 335 Λύδια
720 296 854 336 Turn.
880 296 1022 352 Steph.
1052 299 1179 351 Λύγια
1198 298 1355 340 codices
1374 309 1415 340 et
1435 299 1537 341 Ald.
1558 299 1669 340 Rob.

455 376 499 401 τε
518 361 665 416 γύαλα]
691 363 819 404 Metri
839 363 984 404 vitium
1008 364 1254 406 Klausenius
1274 365 1329 406 sic
1349 365 1524 406 correxit
1539 376 1583 407 ut
1605 365 1636 406 τ’
1652 367 1692 409 ἐς
1711 367 1839 419 γύαλα

401 426 605 470 scriberet.

454 506 552 549 551.
575 497 760 549 Κιλίκων]
788 498 951 538 κυλίκων
973 498 1114 539 Guelf.
1136 498 1237 539 Ald.
1261 501 1397 540 Turn.

454 571 552 615 552.
573 578 615 602 τε
637 562 854 604 Heathius.
886 580 928 604 τε
954 564 1049 616 γένη
1075 563 1181 605 libri.
1240 565 1472 606 Delendum
1491 565 1605 606 colon
1628 575 1718 622 post
1739 570 1838 619 διορ-

397 627 554 678 νυμένα.
616 628 797 669 Verbum
835 644 928 669 cum
966 630 1041 671 hoc
1070 631 1283 687 participio
1313 632 1631 673 construendum
1663 632 1762 673 latet
1794 633 1836 673 in

399 707 437 733 V·
456 703 555 748 554·

451 768 549 815 553.
579 762 656 813 πᾶρ
687 762 966 810 Robortellus‚
997 763 1115 818 cujus
1144 763 1185 804 in
1215 763 1391 805 editione
1418 763 1629 819 tripliciter
1654 765 1836 820 peccavit

397 826 623 881 typotheta.
683 829 791 868 Nam
831 828 871 868 in
909 838 1024 869 textu
1059 844 1254 870 excusum
1296 832 1351 871 πὰ
1382 830 1524 871 relicto
1555 829 1676 870 unius
1706 831 1837 885 spatio

395 891 538 942 literae,
566 893 606 933 in
640 894 878 949 praefatione
908 910 1003 936 vero
1033 896 1159 937 codex
1192 899 1270 950 πὰρ
1304 896 1537 952 praebuisse‚
1571 896 1836 938 Robortellus

395 973 492 999 vero
511 961 590 1000 πᾶν
610 961 825 1016 conjecisse
843 961 1004 1002 dicitur.
1065 963 1335 1004 Manifestum
1366 973 1424 1004 est
1446 964 1730 1005 Robortellum
1758 967 1836 1017 πὰρ

395 1026 623 1081 conjecisse,
650 1027 827 1068 codicem
859 1044 954 1069 vero
983 1044 1065 1070 non
1094 1033 1186 1081 πὰν,
1213 1030 1283 1071 sed
1313 1033 1385 1072 τὰν
1413 1031 1655 1082 exhibuisse,
1680 1031 1722 1071 in
1751 1046 1835 1087 quo

394 1093 653 1135 consentiunt
674 1096 738 1136 M.
762 1097 854 1136 Par.
881 1096 979 1137 Ald.
1001 1097 1088 1140 τοὺς
1107 1096 1405 1152 interpolarunt
1427 1099 1561 1139 Turn.
1583 1107 1623 1138 et
1646 1097 1790 1153 Steph.

451 1159 481 1201 δ’
503 1170 611 1202 recte
631 1176 712 1202 om.
735 1162 876 1204 Guelf.
899 1163 1000 1204 Ald.
1025 1165 1159 1205 Turn.

451 1227 612 1271 ἀενάους
633 1229 698 1269 Μ.
720 1229 828 1270 Rob.
860 1229 1048 1274 ἀεννάους
1067 1230 1158 1272 libri
1181 1231 1338 1286 reliqui.

448 1304 544 1349 554.
573 1297 635 1336 καὶ
654 1297 931 1347 βαθύπλουτον
950 1297 1094 1353 χθόνα]
1118 1299 1273 1338 Utrum
1306 1298 1381 1338 hoc
1411 1298 1593 1353 epitheto
1623 1314 1750 1340 unum
1781 1315 1832 1341 ex

392 1361 528 1417 regnis
550 1362 637 1418 jam
664 1373 783 1404 antea
809 1364 1025 1405 nominatis
1047 1364 1297 1419 designetur,
1319 1380 1357 1406 v.
1377 1380 1410 1405 c.
1438 1365 1588 1420 Lydia,
1610 1365 1663 1406 ob
1682 1366 1833 1407 aurifo-

392 1429 520 1480 dinas,
541 1445 591 1470 an
615 1445 720 1471 nova
738 1430 934 1471 innuatur
954 1431 1076 1486 regio,
1099 1431 1150 1472 ad
1177 1447 1299 1486 quam
1323 1433 1374 1472 Io
1403 1432 1643 1487 pervenerit,
1665 1433 1832 1474 definire

391 1511 472 1537 non
493 1497 637 1538 ausim.
699 1498 742 1538 Si
769 1513 889 1548 nova,
913 1498 979 1538 vix
1000 1498 1089 1548 alia,
1112 1513 1234 1553 quam
1258 1498 1452 1539 Phoenice
1471 1498 1640 1555 intelligi
1668 1501 1831 1555 poterit,

391 1563 445 1604 ob
465 1564 628 1605 divitias
648 1580 698 1605 ex
719 1574 959 1606 mercatura.
993 1566 1122 1606 SCH.

449 1632 511 1672 καὶ
544 1634 611 1674 τᾶς
640 1632 873 1684 Ἀφροδίτας
901 1632 1126 1684 πολύπυρον
1156 1631 1263 1686 αἶαν]
1299 1631 1378 1672 Cui
1410 1631 1474 1671 hic
1509 1647 1589 1673 non
1621 1644 1831 1676 succurrat

393 1698 560 1754 Cyprus
588 1701 728 1753 (νᾶσος
752 1702 820 1742 τᾶς
844 1698 1090 1751 Ἀφροδίτας,
1113 1698 1262 1754 Eurip.
1287 1698 1436 1739 Bacch.
1460 1714 1499 1739 v.
1520 1703 1640 1752 400.)
1665 1701 1831 1743 Veneris

388 1764 501 1805 cultu
524 1774 564 1805 et
585 1780 743 1805 sumnia
761 1765 968 1806 fertilitate
999 1765 1291 1806 celeberrima?
1351 1766 1548 1814 Quaenam
1581 1766 1686 1806 enim
1717 1768 1830 1823 regio

386 1830 429 1871 in
448 1831 564 1872 Asiae
585 1832 816 1872 continente
845 1832 900 1872 sic
929 1832 1101 1873 describi
1131 1832 1312 1887 potuerit
1341 1847 1365 1872 a
1394 1842 1528 1887 poeta,
1550 1847 1670 1873 nemo
1699 1835 1828 1889 expli-

386 1898 506 1940 cavit.
559 1898 800 1940 Scholiastes
821 1899 987 1954 quidem
1010 1899 1198 1954 intelligit
1220 1900 1455 1948 Phoenicen,
1477 1899 1631 1940 addens
1651 1900 1699 1951 ἢν
1720 1903 1828 1954 ἱερᾶν

385 1964 618 2018 Ἀφροδίτης
638 1966 736 2019 φησὶ
757 1968 818 2007 διὰ
839 1968 999 2018 Βύβλον
1019 1967 1080 2007 καὶ
1100 1968 1290 2017 Λίβανον.
1352 1965 1433 2006 Sed
1458 1965 1533 2006 hoc
1562 1976 1622 2007 est
1650 1968 1829 2023 optantis

385 2032 522 2087 potius
542 2047 666 2087 quam
687 2033 880 2074 docentis.
940 2032 1094 2083 Quidni
1114 2043 1250 2073 autem
1273 2033 1498 2089 AEschylus
1518 2034 1661 2074 Ionem
1685 2034 1737 2075 ab
1757 2050 1829 2076 ora

385 2099 610 2141 Phoeuiciae
639 2100 817 2156 primum
841 2102 1043 2156 Cyprum,
1071 2100 1218 2140 deinde
1249 2100 1299 2140 ab
1329 2100 1404 2140 hac
1434 2099 1567 2141 insula,
1588 2101 1825 2158 AEgyptum

384 2173 654 2208 transvectam
675 2182 760 2208 esse
780 2167 973 2208 finxerit?
1007 2168 1135 2208 SCH.

439 2235 536 2288 556.
559 2233 841 2288 εἶσικνουμένη]
866 2233 1110 2288 Legendum
1133 2233 1421 2285 εἷσικνουμένου
1441 2249 1489 2274 ex
1510 2235 1575 2274 M.
1599 2236 1693 2275 Par.
1715 2235 1823 2275 Rob.

382 2300 496 2355 quod
534 2299 574 2340 in
615 2299 719 2340 libro
759 2299 913 2340 exstitit
953 2300 1189 2350 scholiastae,
1222 2302 1382 2341 ἱκνεῖται
1421 2302 1462 2340 δὲ
1502 2304 1587 2342 δῖον
1620 2301 1825 2353 πάμβοτον

382 2368 518 2414 ἄλσος,
540 2370 608 2407 τοῦ
628 2369 783 2419 οἴστρου
803 2371 854 2422 τῷ
878 2367 1019 2423 κέντρῳ
1041 2368 1158 2418 αὐτὴν
1179 2372 1471 2419 ὃιατρυπῶντος.

435 2434 554 2485 βέλει
572 2435 769 2484 βουκόλου
789 2433 1036 2490 πτερόεντος]
1062 2435 1098 2474 I.
1121 2449 1156 2474 e.
1179 2433 1300 2474 oestri
1322 2434 1497 2474 stimulo.
1531 2436 1663 2475 SCH.

435 2501 533 2555 558.
563 2501 898 2555 Δῖον-ἄθικτον]
927 2501 1132 2542 Omnibus
1162 2500 1269 2541 hisce
1298 2500 1488 2555 epithetis
1516 2500 1633 2542 unice
1655 2502 1821 2557 AEgyp-

380 2576 468 2608 tum
499 2566 672 2607 describi
701 2575 856 2607 certum
887 2576 958 2607 est.
991 2570 1074 2608 δῖον
1093 2565 1299 2619 πάμβοτον
1325 2568 1447 2610 ἄλσος
1471 2577 1584 2608 notat
1613 2567 1821 2623 planitiem

378 2644 419 2676 et
447 2633 696 2675 fertilitatem
729 2633 921 2690 AEgypti.
956 2638 1127 2686 λειμῶνα
1155 2637 1419 2687 χιονόβοσκον
1448 2633 1611 2689 respicit
1640 2633 1822 2674 exunda-

378 2701 528 2742 tionem
558 2700 645 2741 Nili
673 2716 722 2741 ex
755 2700 917 2741 nivibus
944 2700 1170 2756 AEthiopiae
1199 2699 1399 2741 resolutis.
1431 2704 1552 2752 Τυφῶ
1580 2700 1698 2752 μένος
1727 2715 1820 2756 per-

378 2766 480 2808 tinet
509 2766 562 2807 ad
586 2777 728 2808 ventos
756 2767 906 2808 calidos
937 2767 1069 2807 nivern
1100 2766 1310 2807 solventes.
1373 2766 1439 2806 Sic
1460 2765 1631 2806 Hesiod.
1657 2766 1818 2821 Theog-

376 2833 446 2875 Ἐκ
466 2835 508 2875 δὲ
527 2835 714 2887 Τυφωέος
734 2834 811 2876 ἔστ’
833 2835 986 2886 ἀνέμων
1004 2834 1121 2886 μένος
1140 2834 1259 2886 ὑγρὸν
1279 2833 1441 2875 ἀέντων.
1476 2834 1606 2874 SCH.

431 2910 527 2956 559.
558 2906 729 2954 λειμῶνα
758 2901 1037 2955 χιονόβοσκον]
1060 2900 1241 2942 Celebris
1264 2900 1344 2941 fuit
1370 2899 1633 2954 antiquorum
1663 2899 1816 2956 opinio,
