1962 3224
640 169 729 209 AD
762 169 1206 210 CHOEPHORAS.
1575 171 1661 213 477

251 283 349 333 624.
370 280 537 334 ἀκαίρως
557 279 620 336 δὲ]
645 279 792 321 Lectio
813 279 971 321 vitiosa.

249 351 294 391 τὸ
315 349 507 402 δυσφιλὲς
525 347 742 402 γαμήλευμ’
764 349 986 402 ἀπεύχετον
1006 348 1138 399 δόμοις
1157 346 1260 387 nihil
1276 346 1390 388 aliud
1411 347 1657 403 significare,

192 432 317 474 quam
350 417 684 473 Clytaemnestrae
718 425 759 457 et
792 415 979 472 AEgisthi
1013 413 1175 456 illicitos
1213 429 1374 456 amores
1407 414 1472 456 vel
1508 415 1659 457 exinde

190 493 319 542 patet,
347 483 462 541 quod
492 484 583 540 ejus
614 482 861 524 mentionem
893 483 1044 524 chorus
1070 481 1259 523 amittere
1288 497 1370 524 non
1402 491 1580 539 poterat,
1610 493 1659 525 ut

188 552 324 594 locum
355 566 615 594 communem
648 551 701 592 de
723 551 763 591 vi
791 550 942 592 amoris
973 549 1185 591 muliebris
1215 550 1293 592 hoc
1321 551 1443 592 etiam
1466 551 1658 608 exemplo

189 620 464 662 confirmaret.
498 620 630 661 SCH.
687 621 783 673 624.
822 620 921 674 625.
955 627 997 660 et
1027 618 1312 675 antistrophici
1349 621 1445 676 632.
1482 621 1582 676 633.
1614 619 1656 660 in

190 702 320 728 unum
343 687 639 744 conjungendi.

243 757 339 811 625.
363 757 466 797 Post
486 757 617 808 δόμοις
637 763 817 811 ponatur
836 768 1009 795 comma.

248 824 348 877 627.
390 822 448 865 ἐπ’
485 824 596 876 ἀνδρὶ
635 821 915 878 τευχεσφόρῳ]
959 822 1090 862 Hunc
1127 836 1290 862 versum
1333 831 1549 863 servarunt
1589 823 1656 864 M.

194 889 363 946 Steph.:
400 890 599 932 omittunt
622 889 713 931 libri
734 889 894 946 reliqui.

250 958 348 1000 628.
372 956 524 1010 δῄοισιν
546 959 758 999 Porsonus
773 972 867 998 cum
886 956 1072 999 Pauwio.
1103 956 1223 1009 δηΐοις
1238 957 1347 999 libri.
1382 958 1656 1000 Scribendum

193 1025 316 1081 δᾴοις.

251 1095 415 1149 ἐπικότῳ
445 1093 593 1148 σέβας]
628 1093 775 1134 Lectio
801 1092 960 1134 vitiosa.
994 1097 1020 1115 “
1037 1092 1191 1147 δᾴοισιν
1212 1093 1394 1135 ἐπίκοτον
1415 1093 1542 1147 σέβας
1571 1109 1659 1135 ma-

185 1162 317 1216 festas
335 1162 520 1203 hostibus
539 1162 682 1202 invisa
702 1160 869 1202 dicitur.
903 1162 1211 1216 Agamemnon,
1233 1176 1357 1217 quem
1379 1161 1464 1204 scil.
1482 1163 1523 1203 Τ
1525 1162 1658 1219 rojani

191 1228 364 1270 oderant
385 1238 432 1270 ut
451 1228 624 1276 hostem,
648 1228 941 1269 reverebantur
961 1238 1100 1270 autem
1122 1238 1169 1270 ut
1188 1229 1477 1285 imperatorem
1506 1231 1656 1272 fortem

191 1305 232 1337 et
252 1296 505 1338 bellicosum.
569 1296 636 1337 Sic
666 1295 775 1337 idem
805 1311 844 1336 v.
866 1305 937 1351 54.
961 1296 1090 1349 σέβας
1117 1299 1274 1351 ἄμαχον
1294 1297 1496 1350 ἀδάματον
1515 1298 1658 1355 appel-

190 1364 314 1406 latur.
367 1364 485 1405 Alias
506 1365 682 1407 ἐπίκοτος
701 1364 814 1420 apud
838 1364 1088 1421 AEschylum
1121 1365 1324 1421 significat
1344 1367 1499 1417 iratus,
1518 1368 1655 1423 irfin-

190 1446 264 1473 ετιε
295 1442 343 1474 ut
373 1432 586 1473 Prometh.
608 1447 648 1472 v.
676 1433 767 1474 162.
802 1433 917 1486 Sept.
941 1432 1036 1473 adv.
1060 1432 1198 1474 Theb.
1222 1449 1258 1474 v.
1282 1444 1378 1489 791.
1411 1450 1536 1490 quem
1568 1450 1658 1476 sen-

192 1515 282 1540 sum
305 1499 338 1541 si
358 1499 451 1556 quis
471 1499 548 1541 hoc
571 1515 739 1556 quoque
759 1498 850 1540 loco
869 1500 1100 1556 praetulerit
1122 1515 1205 1541 non
1226 1502 1482 1558 repugnabo.
1531 1503 1658 1546 Scho-

190 1567 326 1609 liastes
346 1577 482 1609 tamen
506 1569 669 1623 ε’πικότῳ
690 1567 861 1624 interpr.
884 1572 1047 1625 φοβερῷ
1070 1569 1133 1611 καὶ
1153 1573 1342 1626 σεβαστῷ
1365 1572 1428 1612 καὶ
1448 1573 1555 1625 παρὰ
1575 1576 1658 1616 τοῖς

190 1636 431 1688 πολεμίοις.”
460 1637 592 1677 SCH.

249 1706 345 1758 629.
377 1705 444 1746 τίω
475 1703 506 1746 δ’
529 1719 579 1745 ex
613 1703 782 1745 Stanleii
811 1704 1052 1760 conjectura
1081 1704 1248 1762 legitur.
1290 1708 1384 1749 τίων
1413 1706 1445 1748 δ’
1477 1707 1582 1760 libri,
1604 1724 1657 1750 ex

191 1786 278 1827 quo
296 1770 444 1813 τοιῶνδ’
466 1771 561 1813 fecit
585 1772 723 1813 Turn.
775 1772 922 1814 Lectio
942 1772 1101 1814 vitiosa.

251 1838 504 1892 ἀθέρμαντος,
527 1840 628 1880 Non
653 1840 893 1895 calefactus,
910 1839 935 1880 i.
958 1855 993 1881 e.
1013 1841 1219 1882 inandaoe.
1262 1842 1508 1896 ἇθράσυντος
1527 1844 1655 1887 schol.

192 1908 425 1950 BLOMF.

252 1976 349 2030 631.
385 1979 512 2016 κακῶν
543 1976 688 2017 δέ--τὸ
720 1976 912 2031 Λήμνιον]
949 1976 1102 2018 “Satis
1136 1985 1235 2018 nota
1267 1985 1330 2018 est
1362 1976 1553 2020 immanis
1586 1979 1657 2022 illa

193 2043 411 2084 mulierum
441 2042 706 2084 Lemnian-um
736 2043 777 2084 in
809 2044 977 2085 maritos
1008 2044 1242 2086 crudelitas.
1294 2045 1423 2086 Unde
1451 2046 1658 2089 Pindarus

193 2109 322 2167 Pyth.
347 2109 429 2151 Od.
450 2123 494 2162 4,
514 2111 613 2163 448.

306 2180 484 2230 Λημνιᾶν
505 2178 538 2219 τ’
560 2177 666 2219 ἔθνει
686 2182 881 2231 γυναικῶν
902 2178 1172 2232 ἀνδροφόνων.

194 2244 412 2302 Orpheus:

307 2311 451 2367 Λήμνῳ
473 2313 517 2354 ἐν
537 2312 686 2366 ἠγαθέῃ
705 2314 790 2354 τόθι
809 2330 883 2366 περ
904 2314 1003 2354 κακὰ
1022 2312 1120 2367 ἔργα
1138 2313 1306 2366 μεμήλει

307 2379 550 2432 θηλυτέραις.

196 2446 303 2487 Rem
339 2456 506 2488 narrant
535 2446 771 2488 scholiastes
807 2446 980 2488 Pindari
1022 2456 1064 2488 et
1099 2447 1336 2491 scholiastes
1371 2451 1585 2507 Apollonii
1617 2467 1655 2504 1,

196 2523 295 2569 773.
357 2513 508 2555 Similis
538 2524 600 2555 est
637 2513 718 2555 alia
754 2514 936 2555 virorum
986 2514 1220 2566 crudelitas,
1261 2517 1387 2573 hujus
1429 2520 1547 2574 quasi
1589 2522 1657 2561 dv-

195 2582 380 2628 τίποινος,
416 2597 540 2637 quam
578 2581 670 2622 fuse
710 2591 851 2622 narrat
890 2581 1134 2622 Herodotus
1163 2584 1203 2631 6,
1241 2584 1334 2637 138.
1378 2585 1520 2640 paucis
1558 2602 1656 2628 vero

195 2648 433 2705 perstringit
474 2648 722 2689 Eustathius
764 2648 816 2688 ad
859 2648 1110 2704 Dionysium
1156 2650 1311 2691 Afrum
1362 2667 1398 2692 V.
1435 2665 1534 2707 347:
1577 2655 1656 2696 Καὶ

194 2717 218 2767 ἡ
259 2719 416 2767 Λῆμνος
460 2715 504 2756 δέ
551 2732 647 2756 ποτε
696 2714 863 2770 (inquit)
907 2714 1043 2770 ᾠκεῖτο
1092 2716 1168 2757 ὑπὸ
1218 2721 1462 2772 Πελασγῶν,
1505 2720 1552 2772 ἐξ
1599 2724 1655 2764 ὧν

195 2784 350 2836 Λήμνια
370 2782 688 2836 παροιμιάζουται
709 2784 807 2823 κακὰ
829 2784 892 2823 διὰ
912 2783 1001 2826 τοὺς
1030 2783 1178 2835 φόνους
1203 2785 1269 2828 οὓς
1290 2787 1494 2838 ἐποίησαν,
1517 2794 1653 2841 γυναῖ-

197 2852 265 2896 κάς
293 2869 336 2893 τε
364 2852 585 2893 κτείναντες
617 2851 889 2904 αἰχμαλώτους
916 2850 1056 2892 ἀδίκως
1092 2851 1155 2892 καὶ
1189 2855 1330 2896 παῖδας
1360 2854 1426 2897 οὓς
1457 2856 1499 2905 ἐξ
1528 2856 1656 2899 αὐτῶν
1703 2905 1707 2909 1

198 2918 561 2970 ἔτεκνοποιήσαντο.
628 2917 792 2974 Pelasgi
832 2919 983 2960 multas
1014 2918 1335 2963 Atheniensium
1371 2921 1562 2966 mulieres
1590 2940 1654 2967 ra-
