1962 3224
626 188 716 229 AD
747 186 1190 229 CHOEPHORAS.
1563 184 1638 227 451

181 303 314 357 φίλαι,
341 301 349 359 Ι
375 303 509 355 θυμόν,
544 300 621 343 οὐδ’
653 301 718 342 ἐπὶ
747 299 933 355 χρυσέοις
957 298 966 357 1
991 300 1123 353 ὅρμοις
1153 299 1421 350 ἐκπεπόταμαι
1447 296 1454 353 Ι
1480 296 1646 339 τάλαιν’.

183 369 333 411 Paullo
361 369 480 411 aliter
507 368 748 426 Xenophon
781 368 896 410 Hist.
923 368 1001 410 Gr.
1031 380 1139 422 3‚1,
1167 379 1232 419 14.
1263 365 1415 407 citatus
1443 379 1472 406 a
1501 364 1649 406 Mark-

181 437 307 480 lando
326 437 380 479 ad
402 437 550 494 Suppl.
572 437 640 492 89.
666 436 844 484 Μειδίας,
867 434 1058 489 θυγατρὸς
1079 434 1177 488 ἀνὴρ
1198 434 1314 485 αὐτῆς
1335 433 1404 481 ὢν,
1426 434 1651 486 ἀναπτερω-

182 504 262 547 θεὶς
291 505 369 545 ὑπό
397 520 526 554 τινων,
560 503 611 547 ὣς
645 502 814 557 αἰσχρὸν
846 503 920 554 εἴη,
954 504 1122 555 γυναῖκα
1157 501 1232 552 μὲν
1268 501 1422 554 ἄρχειν,
1462 498 1582 540 αὐτὸν
1618 497 1650 540 δ’

180 571 335 624 ἰδιώτην
364 570 477 613 εἶναι.
540 570 664 612 Conf.
688 570 904 612 Villoison.
935 569 989 611 ad
1022 570 1221 626 Longum
1251 584 1295 626 p.
1327 582 1397 623 91.
1406 566 1529 608 infra
1548 579 1650 621 594.

181 639 401 693 ὑπόπτερος
421 639 644 693 φροντίσιν.
676 639 910 680 BLOMF.

244 720 339 763 231.
362 706 466 763 ἰδοῦ]
491 706 574 748 ἰδοὺ
592 705 733 763 vulgo.

241 774 380 832 χερός]
401 775 534 829 χειρός
553 773 658 815 Ald.

245 855 341 899 232.
375 844 431 886 εἰς
460 843 503 883 δὲ
534 843 609 884 etsi
638 841 810 883 fortasse
839 841 897 883 ita
926 840 1123 897 explicari
1153 848 1290 897 potest
1320 849 1368 881 ut
1399 854 1476 896 pro
1507 841 1655 882 εἶσιὸοὓ

186 910 424 968 accipiatur,
456 910 571 968 quod
607 925 659 952 ex
693 909 954 967 praecedente
990 911 1073 951 ἰδοῦ
1108 908 1159 950 sit
1191 907 1483 965 repetendum,
1517 916 1656 949 tamen

188 988 271 1021 tam
293 978 396 1020 mira
416 987 458 1020 et
476 978 639 1020 insolita
655 978 744 1020 haec
761 977 866 1019 ratio
885 986 946 1018 est
965 975 1165 1033 loquendi
1186 984 1235 1017 ut
1254 975 1378 1032 longe
1398 974 1657 1032 probabilius

187 1045 379 1087 videatur
398 1046 481 1098 ἠδὲ,
503 1046 618 1102 quod
647 1046 784 1088 Turn.
815 1045 961 1097 edidit,
991 1059 1043 1085 ex
1073 1045 1312 1101 conjectura
1340 1042 1513 1099 quidem
1542 1042 1658 1084 haud

188 1113 331 1164 dubie,
353 1113 425 1155 sed
446 1129 494 1154 ea
511 1113 719 1154 facillima.

247 1182 391 1235 θηρίων
409 1180 530 1222 lectio
548 1180 712 1222 indocte
738 1179 1012 1237 interpolata:
1044 1194 1140 1220 nam
1167 1179 1302 1231 θηρίον
1323 1177 1573 1220 vocabulum
1597 1185 1660 1219 est

189 1264 272 1290 non
294 1249 512 1306 tragicum.
544 1250 679 1301 θηρίον
700 1250 764 1290 Μ.
781 1257 823 1290 et
838 1247 970 1290 codex
991 1245 1238 1297 Robortelli,
1258 1246 1370 1287 unde
1390 1247 1524 1299 θηρίου
1545 1244 1658 1287 Rob.

193 1317 468 1359 Scribendum
490 1317 660 1371 θήρειον.

250 1397 346 1442 233.
366 1388 486 1439 γενοῦ
507 1385 619 1426 Rob.
650 1384 770 1439 γένον
793 1383 939 1440 Steph.
969 1386 1092 1436 μενοΰ
1114 1381 1258 1424 Guelf.
1279 1381 1382 1423 Ald.
1410 1383 1486 1433 μὲν
1505 1380 1551 1423 οὒ
1573 1382 1630 1422 Τ.

246 1453 299 1506 μὴ
317 1452 528 1509 ’κπλαγῇς]
550 1455 776 1506 μῆκπλαγιῆ
797 1452 864 1493 Μ.
886 1450 1032 1492 Guelf.
1054 1449 1158 1492 Ald.
1188 1450 1422 1503 μήκπλαγιῶ
1444 1449 1558 1491 Rob.

253 1522 349 1577 236.
371 1520 578 1576 σωτηρίου]
600 1520 789 1574 σωτήριος
811 1518 1070 1561 Schuetzius.

255 1602 350 1645 237.
371 1587 605 1644 ἀνακτήσει]
629 1587 828 1645 ἀνακτήσῃ
849 1587 957 1629 libri.

253 1657 348 1713 238.
394 1657 515 1712 ὄμμα]
558 1656 831 1699 Scribendum
873 1656 1000 1708 ὄνομα
1038 1668 1136 1696 cum
1175 1652 1372 1695 Valcken.
1414 1652 1467 1694 ad
1509 1651 1661 1708 Eurip.

197 1725 348 1768 Phoen.
369 1734 470 1780 415.

255 1806 351 1846 240.
371 1792 540 1847 πατέρα]
563 1792 733 1845 πατέρος
753 1792 894 1833 Turni
918 1790 1068 1847 Steph.

254 1864 297 1906 ε’ς
315 1861 365 1903 σέ
383 1861 465 1916 μοι]
487 1861 624 1913 ἑπεμοὶ
644 1861 711 1902 Μ.
734 1876 759 1902 a
779 1875 834 1902 m.
855 1875 921 1917 pr.

257 1941 353 1981 244.
373 1928 514 1984 μόνον]
534 1929 654 1980 μόνος
675 1929 740 1969 Μ.
764 1927 907 1969 Guelf.
931 1926 1032 1968 Ald.
1056 1925 1168 1967 Rob.

256 1997 348 2052 σὺν]
377 1995 507 2038 Scrib.
530 1996 612 2046 ξύν.
674 1996 805 2036 Hunc
834 2006 876 2036 et
906 1994 1143 2052 proximum
1163 2007 1330 2034 versum
1354 1990 1490 2033 Oresti
1518 1989 1666 2032 tribuit

200 2065 339 2106 Turn.

260 2132 357 2185 246.
379 2131 560 2172 Electrae
579 2130 655 2172 hos
674 2144 818 2171 versus
838 2129 1055 2172 continuat
1075 2127 1181 2170 Ald.

258 2198 518 2255 πραγμάτων]
540 2198 778 2252 πρηγμάτων
798 2199 866 2239 Μ.
889 2196 1031 2239 Guelf.
1054 2195 1158 2238 Ald.

262 2278 359 2323 247.
381 2267 484 2324 ἰδοῦ]
509 2267 593 2309 ῑδὸν
612 2266 717 2308 Ald.
751 2267 843 2308 ἰδὼν
864 2267 1002 2307 Turn.

259 2335 410 2390 γένναν
440 2337 547 2378 εὖνιν
576 2337 708 2377 αἰετοῦ
738 2335 877 2375 Turn.
907 2332 1032 2387 γέννα
1052 2348 1115 2374 νιν
1136 2333 1266 2373 αἰετοῦ
1287 2330 1353 2371 Μ.
1391 2328 1516 2383 γέννα
1547 2332 1672 2371 νιναῖε

203 2407 272 2446 τοῦ
295 2403 439 2445 Guelf.
461 2403 564 2445 Ald.
594 2402 720 2457 γέννα
741 2405 810 2443 νῦν
832 2403 963 2443 αἰετοῦ
983 2400 1097 2442 Rob.

263 2471 411 2526 αἰετοῦ]
434 2471 564 2512 Scrib.
585 2472 704 2512 ἀετοῦ
723 2485 819 2512 cum
840 2470 1029 2510 Porsono
1048 2467 1116 2508 hic
1135 2476 1178 2509 et
1197 2481 1237 2508 v.
1256 2464 1354 2521 258.

266 2538 361 2590 248.
383 2537 641 2592 σπειράμασι]
661 2536 906 2590 σπιράμασιν
927 2537 993 2578 Μ.
1018 2535 1131 2577 Rob.

267 2619 291 2650 2
292 2619 365 2661 50.
393 2603 574 2660 ἐντελής]
597 2606 772 2649 ἐντελεῖς
792 2604 1002 2646 Pauwius.
1035 2601 1199 2653 ἐντελὴς
1228 2601 1283 2642 ad
1313 2599 1463 2653 γένναν
1492 2597 1673 2639 referen-

207 2673 311 2716 dum
331 2682 405 2714 est.
438 2673 673 2715 BLOMF.

268 2749 366 2796 251.
388 2739 511 2793 θήραν
532 2740 669 2780 Turn.
693 2737 837 2795 Steph.
860 2740 983 2790 θῆραν
1003 2735 1114 2777 Rob.
1147 2737 1247 2787 θῆρα
1266 2734 1332 2775 Μ.
1356 2732 1500 2775 Guelf.
1524 2731 1626 2773 Ald.

267 2807 454 2865 πατρῴαν
493 2807 604 2850 Rob.
645 2809 783 2849 Turn.
836 2804 982 2861 Steph.
1031 2813 1074 2845 et
1123 2802 1351 2844 scholiasta.
1401 2801 1564 2853 πατρώα
1611 2798 1679 2840 vel

211 2875 373 2933 πατρῴα
407 2877 472 2918 Μ.
512 2874 656 2917 Guelf.
690 2873 793 2915 Ald.
866 2871 1141 2914 Scribendum
1175 2868 1369 2926 πατρῴοις
1401 2882 1498 2910 cum
1533 2867 1676 2908 Blom-

215 2944 349 2986 fieldo.

887 3018 1009 3063 ng
