1962 3224
656 151 744 192 AD
778 150 1138 192 SUPPLICES.
1550 146 1635 189 615

170 263 314 306 Nilum
348 263 513 320 congeri
548 263 601 305 ab
635 263 826 319 eliquatis
861 261 1026 304 nivibus
1059 261 1102 302 in
1140 260 1353 302 montibus
1387 259 1635 317 AEthiopiae,

167 332 288 389 cujus
307 332 354 374 fit
374 331 528 372 mentio
547 331 660 388 apud
684 330 950 372 Herodotum
975 342 1015 380 2,
1038 342 1106 374 22.
1127 328 1364 370 Diodorum
1389 327 1575 370 Siculum
1599 341 1638 381 1,

167 401 238 456 38.
274 399 500 441 Aristidem
537 399 578 440 in
610 399 871 456 AEgyptiaca‚
908 407 950 440 et
985 398 1126 455 plures
1160 396 1271 438 alios.
1333 398 1634 453 Anaxagoram

170 467 296 524 hujus
315 467 526 509 sententiae
550 478 758 509 auctorem
791 467 933 509 laudat
955 466 1108 508 Aetius
1137 465 1243 507 libro
1273 466 1364 518 περὶ
1394 465 1638 519 φιλοσόφων

171 536 356 588 ἱστορίας,
378 535 445 576 cui
465 535 716 593 astipulatur
735 535 966 592 discipulus
987 535 1077 592 ejus
1097 534 1138 575 in
1162 533 1328 576 Helena
1345 550 1354 575 ε

400 605 548 646 Νείλου
568 606 642 657 μὲν
663 606 748 646 αἵδε
769 603 1077 657 καλλιπάρθενοι
1096 604 1186 657 ῥοαὶ

401 672 444 716 ὃς
464 674 551 715 ἀντὶ
570 675 655 717 δίας
673 673 848 727 ψεκάδος
869 673 1068 726 Αἰγύπτου
1087 671 1210 713 πέδον

400 744 540 793 λευκῆς
558 743 740 793 τακείσης
759 742 895 796 χιόνος
913 741 1091 794 ὑγραίνει
1111 740 1220 793 γύας.

175 809 344 851 Lucret.
367 811 409 860 6,
433 822 526 865 735.
551 810 708 852 Statius
730 810 870 852 Theb.
890 823 930 863 4,
955 821 1050 864 705.
1084 807 1310 851 STANL.

231 878 331 934 ὅντ’]
354 878 386 920 τ’
408 880 518 920 Rob.
551 879 629 921 ἔνθ’
652 881 789 920 Turn.

230 949 330 1002 561.
373 949 458 989 Pro
490 950 589 1002 ὕδωρ
624 948 668 989 τὸ
702 949 854 989 Νείλου
884 956 1052 1004 praestat
1088 946 1224 1003 legere
1258 947 1360 999 ὕδωρ
1395 961 1438 986 τε
1471 911 1636 992 Νείλου,

173 1031 297 1072 quam
331 1017 552 1072 planitiem
587 1017 742 1059 lustrat
773 1023 991 1058 ventorum
1033 1017 1098 1057 vis
1137 1021 1175 1056 et
1209 1015 1307 1055 Nili
1341 1028 1452 1070 aqua
1484 1013 1640 1054 morbis

173 1084 288 1125 haud
324 1087 539 1142 contigua.
601 1085 683 1136 Qui
723 1085 943 1127 articulum
983 1085 1028 1125 τὸ
1066 1093 1162 1125 ante
1196 1084 1348 1124 Νείλου
1389 1080 1640 1123 servandum

175 1160 341 1207 putant,
362 1158 471 1207 τυφῶ
490 1155 609 1206 μένος
629 1153 684 1195 sic
705 1153 1043 1210 interpretantur,
1067 1162 1114 1194 ut
1134 1151 1257 1192 Nilus
1280 1150 1368 1207 ipse
1399 1151 1465 1191 vis
1496 1149 1640 1207 typho-

175 1221 244 1261 m‘s
263 1220 508 1277 appelletur,
530 1222 573 1264 h.
594 1238 630 1264 e.
652 1222 691 1263 vi
713 1233 928 1263 ventorum
952 1220 1184 1262 exundans.
1220 1221 1353 1262 SCH.

236 1290 370 1333 νόσοις
400 1291 577 1346 ἄθικτον]
614 1292 730 1332 Laus
767 1290 852 1332 Nili
887 1306 912 1332 a
952 1289 1202 1331 salubritate.
1263 1289 1331 1329 De
1367 1287 1640 1330 foecunditate

176 1372 298 1414 aquae
326 1357 515 1399 Niloticae
543 1358 680 1400 locum
715 1359 928 1401 Strabonis
958 1360 1046 1413 (15,
1066 1359 1123 1412 1.)
1147 1357 1417 1398 excitavimus
1446 1356 1499 1398 ad
1523 1357 1638 1398 Pers.

179 1441 215 1466 v.
251 1437 320 1480 32.
381 1426 590 1468 Referunt
628 1427 768 1469 itidem
811 1426 1144 1484 TheophrastuS,
1186 1427 1341 1467 Seneca
1380 1436 1418 1467 et
1461 1424 1638 1475 Plinius,

179 1492 367 1534 mulieres
401 1509 510 1550 aqua
545 1495 706 1536 Niliaca
744 1495 848 1537 adeo
882 1494 1097 1536 foecundas
1136 1493 1270 1544 reddi,
1303 1498 1354 1535 ut
1390 1509 1474 1534 uno
1514 1502 1640 1550 partu

176 1560 302 1601 foetus
342 1561 482 1619 plures
522 1563 744 1605 enitantur.
820 1563 939 1604 Idem
983 1562 1036 1603 de
1075 1561 1207 1603 vaccis
1242 1561 1459 1619 AEgyptiis
1499 1570 1639 1603 narrat

178 1629 372 1671 AElianus
397 1630 449 1671 de.
474 1631 638 1672 animal.
660 1645 702 1687 3,
724 1645 792 1687 33.
815 1631 1009 1681 subdens,
1031 1630 1193 1685 λέγεται
1224 1632 1267 1671 δὲ
1297 1631 1420 1674 αἴτιος
1447 1632 1468 1671 ὁ
1490 1634 1641 1674 Νεῖλος

178 1696 279 1738 εἶναι
299 1699 575 1741 εὐτεκνότατον
594 1700 780 1754 παρέχων
802 1702 916 1753 ὕδωρ.
976 1698 1154 1740 Accedit
1184 1698 1306 1740 etiam
1337 1698 1389 1739 ad
1422 1698 1640 1740 salubrita-

178 1774 259 1806 tem
299 1766 389 1822 ejus
423 1766 800 1817 demonstrandam,
836 1768 949 1824 quod
990 1783 1074 1818 eos,
1111 1767 1184 1823 qui
1218 1782 1271 1808 ex
1302 1766 1392 1823 ipsa
1427 1766 1641 1818 bibissent,

178 1833 354 1889 pingues
387 1834 589 1877 redderet.
650 1836 902 1878 Plutarchus
933 1836 986 1876 de
1021 1837 1078 1877 Is.
1114 1845 1155 1876 et
1186 1835 1295 1877 Osir.
1328 1837 1436 1877 ἀλλὰ
1469 1836 1643 1878 πιαίνειν

179 1905 290 1943 δοκεῖ
317 1903 380 1943 καὶ
407 1902 582 1954 μάλισὝα
611 1905 883 1957 πολυσαρκίαν
910 1908 1038 1946 ποιεῖν
1060 1904 1104 1945 τὸ
1126 1908 1310 1945 Νειλῶον
1333 1906 1446 1957 ὕδωρ.
1507 1906 1642 1947 Porro

180 1969 302 2011 hodie
339 1970 380 2011 in
423 1971 630 2027 AEgyptia
669 1971 886 2028 metropoli
927 1972 1050 2013 Caira
1087 1971 1140 2012 ad
1183 1971 1360 2027 primum
1402 1971 1643 2015 incrementi

182 2037 331 2079 Niliaci
364 2048 616 2080 momentum
651 2039 827 2082 subsidit
857 2040 1101 2097 pestilentia.
1161 2041 1298 2081 Nemo
1329 2051 1418 2081 tum
1453 2041 1642 2094 moritur,

180 2104 273 2147 licet
293 2106 424 2162 pridie
443 2107 674 2164 quingenti.
707 2109 871 2149 STAN
877 2109 932 2150 L.

237 2175 334 2229 563.
367 2176 524 2219 ὀδύναις
557 2193 601 2217 τε
634 2177 955 2230 κεντροδαλήτοις
987 2176 1313 2230 (κεντροδαλήτης
1341 2175 1445 2218 Ald.
1478 2178 1639 2232 Turn.)

180 2241 286 2284 θείας
314 2241 444 2295 (θυῒας
465 2244 530 2284 Μ.
562 2243 716 2288 θυιάδος
746 2246 1015 2286 Hermannus
1044 2245 1097 2287 de
1127 2256 1245 2287 metr.
1279 2261 1320 2302 p.
1351 2248 1466 2300 234.)
1491 2244 1640 2302 ‘'Hpas]

180 2309 318 2351 Verba
336 2309 592 2367 interpolata.
635 2313 745 2353 Nam
771 2312 961 2370 AEschyli
982 2314 1108 2355 verba
1127 2324 1317 2355 accurate
1338 2313 1642 2370 responderunt

182 2375 315 2417 verbis
333 2376 375 2417 in
395 2377 653 2436 antistrophe
673 2380 830 2436 positis.

236 2444 335 2498 565.
357 2444 534 2502 ἔννομοι]
559 2448 641 2488 Per
660 2448 855 2502 οἰκήτορες
874 2449 1053 2506 explicat
1074 2449 1302 2490 scholiasta.

237 2512 335 2565 566.
356 2516 496 2569 χλωρῷ
518 2514 686 2571 δείματι]
709 2519 1026 2570 χλωρωδειμακτι
1047 2519 1113 2558 Μ.
1135 2519 1276 2573 χλωρῷ
1299 2519 1473 2570 δείμακτι
1495 2517 1640 2560 Guelf.

238 2646 337 2700 568.
361 2648 594 2706 ἐσορῶντες]
617 2651 658 2693 ἔς
677 2652 842 2704 ὁρῶντες
863 2651 1006 2693 Guelf.
1027 2651 1130 2693 Ald.

237 2724 337 2769 570.
358 2715 388 2756 δ’
411 2716 629 2772 ἐθάμβουν]
654 2719 695 2759 δὲ
717 2718 897 2770 θάμβουν
918 2718 1022 2760 Ald.
1045 2719 1153 2761 Rob.

237 2793 336 2837 571.
357 2784 445 2825 τότε
466 2785 684 2826 Canterus.
715 2787 804 2827 τόδε
825 2786 931 2827 libri.

237 2860 336 2905 574.
372 2851 510 2907 κρέων]
541 2855 708 2906 κραίνων
741 2856 838 2896 Par.
870 2855 980 2897 Rob.
1012 2871 1063 2897 ex
1095 2855 1354 2913 glossemate,
1386 2859 1499 2915 quod
1532 2859 1640 2902 inter

182 2917 336 2960 scholia
355 2918 520 2975 legitur.
