1962 3224
629 169 719 212 AD
750 168 1148 212 EUMENIDES.
1537 165 1623 207 533

609 306 668 314 -—
687 282 733 323 οὗ
752 284 829 335 γὰρ
849 282 900 323 ἄν
919 297 1016 323 ποτε

381 350 596 403 πρῶταισιν
614 349 722 402 ὑμῶν
741 348 944 402 ἀντέκυρσ’
967 348 1184 400 ὁδοιπόρων

383 417 520 470 νήφων
539 417 702 461 ἀοίνοις.

154 497 206 538 ad
227 510 351 553 quem
371 495 506 537 locum
530 494 766 537 scholiastes
784 511 794 536 ε
839 495 997 538 ἀοίνους
1021 493 1140 537 αὐτὰς
1159 492 1273 546 λέγει
1295 490 1539 548 (OEdipus),
1561 491 1622 531 ὅτι

155 565 201 606 οὗ
221 564 432 606 σπένδεται
452 563 557 607 οἶνος
578 563 712 606 αὐταῖς
733 562 824 605 ἀλλ’
845 564 961 616 ὕδωρ.
998 561 1058 603 διὸ
1090 562 1154 603 καὶ
1185 560 1378 613 νηφάλιαι
1409 563 1623 601 καλοῦνται

156 634 198 674 αἶ
221 632 388 673 σπονδαὶ
407 632 547 672 αὐτῶν.
608 632 678 672 Ita
701 645 816 672 senes
836 630 969 672 Attici
991 629 1201 686 OEdipum
1223 628 1389 678 docent,
1410 626 1623 684 quomodo

155 699 370 756 placandae
391 699 472 741 sint
491 698 749 741 Eumenides
766 715 775 740 :

384 793 540 842 πρῶτον
558 790 632 842 μὲν
654 791 757 843 ἱερὰς
778 790 820 841 ἐξ
840 788 1041 842 ἆειῤῥύτου
1059 789 1160 842 χοᾶς

389 856 528 909 κρήνης
550 856 727 911 ἐνέγκου.

158 936 220 976 Et
237 950 404 976 rursus:

385 1016 536 1063 ὕδατος,
558 1015 767 1067 μελίσσης,
789 1015 887 1066 μηδὲ
906 1013 1152 1068 προσφέρειν
1171 1012 1284 1066 μέθυ.

160 1092 352 1134 Mulsum
383 1093 507 1142 enim,
529 1109 601 1134 seu
631 1109 782 1150 aquam
812 1109 907 1135 cum
934 1094 1069 1144 melle,
1092 1092 1402 1135 Eumenidibus
1423 1092 1509 1134 sine
1530 1092 1627 1134 vino

158 1161 413 1202 libabant—.
448 1162 670 1202 STANL.
702 1161 880 1215 νηφάλια
907 1163 1161 1215 μειλίγματα,
1192 1172 1240 1203 ut
1272 1162 1462 1215 νηφάλιαι
1493 1161 1628 1202 θυσίαι

158 1228 273 1286 apud
296 1228 481 1280 Suidam,
502 1228 623 1284 cujus
648 1228 785 1270 locum
814 1244 907 1270 cum
934 1229 1012 1271 hoc
1032 1239 1174 1271 nostro
1194 1229 1450 1286 comparavit
1469 1229 1627 1270 Jacobs

159 1297 213 1338 ad
233 1295 409 1338 Anthol.
432 1297 505 1352 [T.
525 1310 566 1352 3.
588 1311 630 1353 p.
648 1296 733 1352 82.]
750 1296 830 1338 vol.
847 1311 888 1353 3.
912 1298 1012 1338 P.1.
1029 1313 1072 1354 p.
1093 1311 1185 1353 151.
1210 1299 1343 1339 SCH.
1376 1297 1543 1351 νιφάλια
1559 1297 1626 1338 Μ.

162 1364 306 1406 Guelf.
327 1364 431 1406 Ald.

221 1432 315 1474 108.
349 1433 586 1485 νυκτίσεμνα
620 1432 775 1488 δεῖπνα]
807 1433 1096 1490 Compositum
1127 1434 1306 1475 arbitror
1339 1434 1392 1475 ab
1423 1433 1629 1490 AEschylo

159 1499 408 1541 vocabulum
430 1500 680 1552 νυκτίσεμνα,
702 1515 785 1541 non
815 1511 860 1541 ut
883 1500 924 1541 in
949 1501 1092 1543 Guelf.
1114 1501 1215 1543 Ald.
1238 1512 1280 1544 et
1301 1501 1413 1543 Rob.
1435 1500 1627 1551 editione,

158 1565 200 1608 in
235 1568 343 1608 νυκτὶ
376 1569 506 1619 σεμνὰ
537 1567 874 1624 disjungendum.
922 1570 1160 1620 νυκτίσεμνα
1190 1568 1388 1611 dicuntur
1417 1569 1627 1619 sacrificia,

161 1648 259 1690 quae
292 1650 342 1675 eo
371 1634 477 1692 ipso,
507 1634 623 1691 quod
659 1644 784 1676 noctu
816 1635 939 1686 fiunt,
971 1635 1213 1693 augustiora
1245 1647 1357 1689 sunt,
1389 1646 1431 1679 et
1465 1652 1628 1679 sacrum

162 1703 279 1758 quasi
299 1702 511 1744 horrorem
530 1703 752 1746 incutiunt.
786 1706 918 1746 SCH.

226 1786 320 1826 109.
360 1771 668 1827 ὥραν-θεῶν]
706 1773 833 1814 Circa
864 1774 1023 1825 horam,
1051 1789 1201 1830 nempe
1234 1776 1506 1827 μεσονύκτιον,
1548 1790 1633 1833 qua

162 1841 322 1881 nemini
339 1840 415 1880 alii
436 1840 626 1880 Deorum
645 1841 885 1896 sacrificare
904 1856 991 1882 mos
1009 1847 1082 1883 est.
1114 1843 1246 1884 SCH.
1307 1843 1373 1884 De
1401 1859 1479 1884 usu
1510 1860 1631 1886 accu-

164 1906 283 1950 sativi
304 1922 343 1948 v.
367 1905 515 1947 Elmsl.
535 1906 588 1947 ad
611 1906 764 1962 Eurip.
787 1907 939 1948 Bacch.
964 1919 1058 1962 722.

226 1986 319 2015 112.
354 1973 605 2027 ἀρκυστάτων
635 1975 776 2016 Turn.
806 1975 951 2032 Steph.
983 1976 1242 2029 ᾶρκυσμάτων
1268 1979 1364 2020 Par.
1397 1979 1463 2020 M.
1487 1977 1631 2020 Guelf.

166 2042 276 2083 Rob.
309 2042 557 2095 ἆρκισμάτων
577 2041 681 2083 Ald.

226 2121 243 2148 1
256 2120 319 2163 13.
341 2109 660 2165 ἐγκατιλλώψας]
682 2111 986 2165 ἐκκατιλλώψας
1006 2112 1060 2152 Τ.
1083 2110 1186 2153 Ald.
1209 2112 1320 2153 Rob.

228 2187 318 2229 115.
340 2176 437 2228 ὄναρ
456 2177 533 2229 γὰρ
551 2177 650 2228 ὑμᾶς
670 2180 741 2217 νῦν
762 2177 1092 2231 Κλυταιμνήστρα
1113 2178 1236 2233 καλῶ]
1258 2179 1375 2219 Nam
1400 2194 1514 2221 nunc
1539 2181 1631 2237 qui—

164 2245 254 2284 dem
275 2257 352 2300 ego
371 2243 447 2284 illa
469 2243 811 2300 Clgytaemnestra,
830 2261 924 2302 quae
944 2260 1016 2287 vos
1033 2247 1191 2297 invoco,
1213 2248 1278 2288 m'l
1301 2249 1388 2288 uisi
1414 2249 1564 2289 umbra
1594 2255 1633 2290 et

164 2312 370 2352 somnium
389 2325 494 2352 sum.
558 2311 626 2353 Sic
646 2321 755 2353 recte
777 2313 1023 2355 Schuetzius
1042 2324 1138 2370 post
1155 2314 1466 2357 Wakefieldum
1483 2332 1492 2357 :
1526 2315 1633 2357 male

165 2377 352 2438 εἰῇ-ὄναρ
372 2378 630 2434 interpretati
651 2390 747 2421 sunt
767 2381 814 2421 in
838 2382 1011 2423 somn-io.
1072 2383 1140 2423 De
1169 2381 1240 2423 illo
1269 2393 1408 2425 autem
1441 2400 1519 2426 usu
1542 2401 1630 2426 voc.

167 2446 265 2498 ὄναρ
285 2460 322 2485 ν.
342 2445 396 2486 ad
417 2448 570 2502 Agam.
594 2447 662 2489 82.

229 2512 323 2553 118.
344 2513 460 2567 ἁνὴρ]
485 2514 583 2567 ἀνὴρ
605 2514 711 2556 libri.

228 2593 320 2633 119.
352 2581 486 2632 φίλοις
513 2581 590 2634 γάρ
617 2583 718 2623 εἰσιν
745 2582 814 2623 οὐκ
844 2583 971 2639 ἐμοῖς]
1001 2583 1275 2626 scribendum
1298 2588 1412 2639 φίλοι
1431 2588 1509 2641 γάρ
1530 2590 1634 2630 εἶσιν

170 2647 362 2700 (Oresti),
383 2648 452 2688 οὐκ
473 2649 727 2699 ἐμοὶ,-ουῐῐ]
753 2649 985 2691 Schuetzio.

225 2715 478 2767 προσίκτορες
497 2729 617 2756 sensu
638 2715 799 2771 passivo
819 2716 1104 2772 accipiendum
1123 2734 1209 2759 esse
1226 2718 1331 2760 vidit
1350 2720 1429 2761 Sch
1437 2721 1633 2764 wenkius.

170 2781 470 2838 Intelliguntur
506 2789 646 2823 autem
686 2782 843 2839 Apollo
881 2793 923 2825 et
964 2784 1216 2827 Mercurius.
1291 2787 1481 2843 Apollini
1523 2789 1634 2832 hunc

171 2861 334 2888 versum
356 2847 502 2890 tribuit
522 2848 633 2890 Rob.

233 2926 328 2957 121.
351 2915 470 2970 ἄγαν]
490 2914 526 2968 γ’
547 2914 665 2957 addit
686 2915 742 2956 T.
