1962 3224
380 202 465 244 608
851 203 1343 245 ANNOTATIONES

381 307 515 347 Turn.
577 307 656 348 Sed
687 321 826 348 vereor
856 323 906 349 ne
933 308 1079 349 vitium
1108 308 1149 349 in
1179 308 1433 365 antistropho
1458 308 1595 363 potius
1624 307 1675 348 sit
1701 321 1813 361 quae-

378 373 567 424 rendum,
602 374 673 415 ubi
707 375 930 416 Klausenio
964 376 1116 427 ὁμοιίαν
1150 375 1260 427 θέμιν
1289 375 1546 417 scribendum
1581 374 1811 422 videbatur,

379 440 570 481 inusitata
589 441 751 496 tragicis
770 441 913 482 forma.

433 518 533 560 432.
562 507 818 563 πολυμίτων,]
849 508 1080 560 πολυμήτων
1110 509 1176 548 Μ.
1209 508 1308 549 Ald.
1339 518 1378 549 et
1408 508 1538 549 codex
1570 505 1813 555 Robortelli,

379 572 451 627 qui
471 587 522 613 ex
541 574 774 629 conjectura
792 573 921 614 edidit
939 573 1207 625 πολυκμήτων.
1266 574 1464 615 Deleatur
1482 588 1650 615 comma.

434 651 530 693 433.
553 640 696 694 δόμοις]
718 641 845 692 δόμων
865 639 966 680 Aid.
997 641 1098 695 δόμῳ
1121 641 1253 681 Turn.

434 717 531 759 434.
553 705 701 757 ὁπότερ’
725 706 788 760 ἂν]
810 705 1001 758 ὁποτέραν
1023 707 1087 747 Μ.
1110 706 1249 747 Guelf.
1271 706 1373 748 Ald.
1396 707 1503 747 Rob.

437 771 583 826 κτίσῃς]
606 771 747 822 κτήσης
766 771 867 812 Ald-

435 847 533 891 435.
553 836 662 888 μένει
681 852 760 877 om.
784 839 880 878 Par.

430 901 553 954 'Apa’
576 904 716 944 κτίνειν
739 903 943 944 Seidlerus
962 904 1014 944 de
1036 919 1136 945 vers.
1157 904 1317 945 dochm.
1338 920 1378 960 p.
1399 917 1460 946 12.
1485 905 1728 956 δρεικτείνειν
1746 905 1811 944 Μ.

381 968 523 1009 Guelf.
554 969 663 1009 Rob.
703 971 927 1021 δρεικτίνειν
955 970 1054 1010 Ald.
1115 972 1184 1011 Ex
1218 972 1314 1012 Par.
1348 972 1431 1023 ἄρει
1461 972 1624 1012 κτείνειν
1652 986 1703 1011 ex
1733 970 1811 1011 Ph.

379 1042 464 1094 ἄρει
483 1032 628 1083 ἆτἰνειν
646 1041 826 1081 affertur.
852 1042 1058 1082 ἀντιτίνειν
1079 1043 1214 1082 Turn.
1276 1043 1446 1082 Sensum
1468 1042 1684 1082 verborum
1706 1050 1813 1082 recte

378 1107 598 1149 declaravit
631 1107 850 1158 Seidlerus‚
881 1113 1181 1163 utrumcunque
1211 1108 1450 1157 decreveris,
1469 1109 1590 1163 filios
1625 1114 1715 1148 tuos
1745 1108 1813 1148 do-

379 1189 567 1231 mumque
594 1182 709 1216 tuam
738 1175 916 1215 manebit
943 1174 1016 1215 hoc
1044 1180 1092 1215 ut
1119 1175 1292 1214 similem
1312 1175 1453 1215 iuarti
1477 1188 1644 1228 pomam
1677 1176 1810 1215 luant.

380 1243 485 1291 Quae
505 1241 797 1282 confirmantur
817 1239 922 1295 regis
942 1239 1075 1280 verbis
1095 1255 1134 1280 v.
1155 1253 1255 1295 439.

435 1308 530 1361 438.
564 1310 674 1359 δεῦρο
704 1306 735 1347 δ’
758 1305 1020 1359 ἐξοκέλλεται]
1048 1307 1220 1347 Sensum
1240 1315 1349 1347 recte
1368 1306 1563 1362 explicuit
1584 1306 1811 1358 scholiasta,

379 1374 498 1416 οὕτως
518 1374 739 1424 ἀποβαίνει.

435 1453 533 1494 439.
554 1439 577 1490 ἢ
597 1445 724 1481 τοῖσιν
742 1439 765 1491 ἢ
786 1441 884 1494 τοῖς]
911 1441 945 1480 Ι.
968 1455 1002 1480 e.
1023 1448 1095 1480 aut
1115 1438 1192 1479 diis
1210 1448 1282 1479 aut
1302 1438 1485 1494 AEgypti
1504 1439 1608 1480 filiis.

434 1519 533 1559 440.
555 1507 617 1547 καὶ
636 1508 887 1559 γεγόμφωται
906 1506 1075 1560 σκάφος]
1100 1505 1311 1560 Allegoria
1327 1520 1352 1546 a
1369 1520 1414 1546 re
1432 1506 1609 1546 nautica.
1664 1507 1812 1547 Postea

379 1589 418 1614 v·
440 1587 534 1628 951·
558 1573 688 1628 [944]

1066 1637 1189 1678 Τῶνδ’
1212 1638 1409 1690 ἐφήλωται
1428 1643 1547 1691 τορῶς

716 1706 871 1757 Γόμφος
890 1704 1069 1756 διαμπάξ.

381 1815 508 1856 Navis
527 1815 666 1856 itidem
689 1813 950 1854 similitudine
970 1813 1011 1853 in
1033 1827 1076 1853 re
1091 1812 1212 1853 anxia
1228 1827 1325 1852 usus
1339 1822 1398 1853 est
1415 1812 1672 1869 Polymestor
1686 1812 1809 1853 Euri-

378 1881 486 1937 pidis
514 1881 555 1921 in
587 1881 763 1921 Hecuba
792 1896 829 1920 v.
856 1893 974 1933 1079.
1034 1878 1281 1934 Apollonius
1301 1879 1460 1934 Argon.
1491 1879 1543 1919 de
1569 1880 1688 1935 Argo
1717 1879 1808 1920 navi

378 1960 422 2002 32
442 1960 539 2002 343·

1113 2019 1218 2061 ...‘H
1238 2019 1269 2061 δ’
1292 2021 1351 2061 ε’νὶ
1369 2022 1536 2073 γόμφοις

600 2091 767 2142 ἴσχεται,
787 2087 836 2139 ἢν
857 2088 918 2128 καὶ
936 2090 1059 2128 πᾶσαι
1080 2088 1338 2139 ἐπιβρίσωσιν
1358 2087 1511 2127 ἄελλαι.

378 2187 585 2243 Distingui
609 2187 758 2234 malim,

1069 2269 1320 2320 γεγόμφωται
1340 2267 1502 2319 σκάφος,

598 2335 838 2388 Στρέβλαισι
859 2337 1099 2375 ναυτικαῖσιν
1117 2333 1166 2374 ὧς
1185 2331 1469 2385 προσηγμένον.

374 2433 427 2474 Id
454 2442 527 2482 est,
548 2433 650 2473 adeo
679 2432 731 2472 ab
760 2430 868 2471 omni
899 2438 1014 2485 parte
1044 2428 1297 2483 constringor
1326 2437 1367 2469 et
1395 2436 1590 2478 coarctor,
1611 2435 1804 2484 tanquam

372 2499 486 2540 navis
513 2498 656 2539 adacta
685 2506 726 2538 et
753 2496 879 2552 ligata
907 2495 1045 2536 cuneis
1074 2503 1115 2535 et
1143 2494 1282 2545 clavis,
1304 2503 1351 2534 ut
1372 2509 1456 2549 quo
1477 2508 1540 2534 me
1561 2503 1715 2534 vertam
1735 2509 1805 2535 ne-

372 2565 508 2606 sciam.
567 2563 826 2619 Hesychius:
867 2561 1065 2614 Στρέβλαι
1095 2562 1279 2602 ναυτικαί·
1310 2562 1358 2601 τὰ
1386 2559 1488 2610 ξύλα
1516 2564 1592 2601 τῶν
1621 2565 1732 2608 νεῶν,
1764 2562 1808 2601 ἐν

371 2633 427 2674 οἷς
447 2633 752 2683 διασφηνοῦνται
771 2629 1038 2682 γομφούμενα.
1097 2628 1212 2683 Lege
1231 2628 1513 2680 γομφούμεναι,
1534 2641 1627 2667 nam
1647 2627 1701 2668 ad
1722 2630 1808 2678 νῆες

370 2697 628 2739 referendum
650 2705 722 2736 est.
758 2695 976 2736 STANL.

425 2776 522 2818 443.
543 2762 756 2816 χρήμασιν]
780 2760 986 2814 χρημάτων
1006 2759 1258 2815 adscriptum
1278 2758 1320 2798 in
1343 2758 1494 2799 scholio
1513 2758 1596 2799 sive
1617 2767 1661 2799 ut
1682 2758 1809 2813 expli-

367 2829 475 2871 catio
494 2830 576 2870 sive
597 2837 643 2869 ut
663 2828 772 2868 varia
800 2826 942 2867 lectio:
976 2834 1099 2880 atque
1128 2825 1171 2866 id
1199 2824 1334 2880 ipsum
1365 2824 1586 2865 necessario
1614 2839 1689 2880 pro
1717 2823 1810 2876 χρή-

367 2913 487 2948 μασιν
507 2893 804 2936 restituendum
826 2907 918 2933 cum
941 2893 1118 2933 Aurato.
