1962 3224
405 183 489 225 620
879 184 1371 226 ANNOTATIONES

461 274 557 346 691.
589 293 785 349 πρόνομα]
817 293 890 345 πρὸ
921 295 986 343 τῆς
1014 294 1164 335 πόλεως
1190 293 1383 343 νεμόμενα
1407 291 1699 347 interpretatur
1724 290 1837 331 scho-

402 357 531 399 liasta.

459 426 561 476 βοτὰ
579 425 653 467 τὼς
675 426 810 465 Turn.
833 424 977 478 Steph.
1003 425 1192 476 βρότατος
1212 425 1277 465 Μ.
1300 425 1394 465 Par.
1419 424 1560 465 Guelf.
1582 423 1682 465 Ald.
1704 423 1812 464 Rob.

459 493 553 546 693.
577 494 655 532 πᾶν
676 490 725 545 τ’]
746 489 856 531 πάντ’
878 491 943 531 Μ.
967 490 1066 530 Ald.
1090 491 1198 531 Rob.

458 556 641 611 λάβοιεν]
661 557 823 597 λάθοιεν
844 557 908 596 Μ.
930 557 1026 597 Par.
1049 555 1191 597 Guelf.
1213 556 1314 597 Ald.
1336 557 1445 597 Rob.

458 624 555 676 694.
579 624 753 675 εὔφημον
769 622 911 662 Guelf.
934 622 1061 662 Turn.
1085 623 1226 678 Steph.
1249 624 1426 675 εὕφημαν
1446 622 1545 662 Ald.
1568 621 1751 674 εὐφήμοις
1770 622 1835 661 Μ.

403 690 496 730 Par.
528 689 696 741 ἆφήμοις
716 689 828 729 Rob.
890 688 1157 729 Scribendum
1182 690 1369 741 εὔφαμον.

459 753 685 803 ε’πιβῶντων
717 752 926 802 Buderus,
961 752 1150 793 Turnebi
1184 753 1382 807 deceptus
1415 751 1723 807 interpolatione
1759 753 1839 793 ἐπι-

401 821 544 873 βοῷεν,
569 833 692 873 quam
722 818 875 873 recepit
906 818 1049 873 Steph.
1108 818 1403 859 Revocandum
1434 818 1497 859 ε’πὶ
1525 821 1672 869 βωμοῖς
1699 833 1751 858 ex
1771 819 1837 858 M.

403 887 500 926 Par.
523 885 632 925 Rob.
665 885 727 925 ἐπὶ
746 889 891 936 βωμῶν
912 884 1052 925 Guelf.
1083 886 1287 935 ἐπιβωμᾶν
1307 884 1411 924 Ald.

459 952 557 1005 695.
594 954 754 991 Μοῦσαι
788 951 877 991 θεαί
904 950 955 1004 τ’]
991 949 1291 1005 Corrigendum
1325 953 1476 1001 μοῦσαν
1509 953 1625 990 θεῖεν.
1672 950 1839 1001 εὔφημος

401 1020 529 1069 μοῦσα
558 1026 605 1057 ut
629 1018 797 1070 στυγερὰ
825 1019 954 1067 μοῦσα
978 1017 1155 1057 Eumen.
1181 1017 1275 1070 298.
1305 1026 1346 1057 et
1373 1016 1504 1058 multa
1532 1015 1688 1064 similia,
1715 1019 1840 1056 θεῖναι

401 1086 556 1135 μοῦσαν
575 1092 623 1124 ut
645 1086 769 1124 θεῖναι
787 1082 908 1134 μέλος
928 1083 1040 1123 Pers.
1062 1095 1157 1137 999.
1189 1083 1456 1123 AHRENS.
1479 1097 1521 1137 p.
1547 1083 1615 1124 26.
1658 1080 1841 1137 Egregia

402 1147 491 1188 haec
509 1156 570 1188 est
589 1147 834 1196 emendatio,
855 1147 931 1188 nisi
957 1147 1070 1202 quod
1093 1147 1226 1188 forma
1252 1146 1387 1187 media
1417 1146 1533 1188 θείατ’
1559 1146 1744 1201 praeferri
1772 1148 1840 1187 de-

401 1213 554 1255 bebat:
598 1213 651 1254 de
682 1229 767 1269 quo
797 1213 955 1255 monuit
986 1214 1252 1255 Hermannus
1283 1213 1325 1254 in
1356 1213 1499 1254 ‚Jahnii
1532 1212 1765 1255 Annalibus
1797 1227 1836 1254 a.

406 1281 528 1336 1832.
551 1280 629 1322 vol.
651 1282 688 1321 6.
710 1295 751 1335 p.
771 1293 841 1331 41.

459 1348 555 1402 696.
575 1346 607 1388 τ’
628 1362 709 1388 om.
733 1346 844 1387 Rob.

460 1416 557 1468 697.
579 1413 705 1468 φήμα]
728 1412 996 1454 scribendum
1018 1413 1142 1466 φάμα.

459 1481 556 1535 698.
587 1481 737 1531 ἀτιμίας
765 1479 890 1534 τιμὰς]
921 1479 1067 1521 Lectio
1096 1479 1250 1520 vitiosa.
1312 1479 1551 1530 Scholiasta,
1572 1480 1840 1531 ἀμετακίνητοι

404 1547 484 1589 εἶεν
512 1548 642 1590 αὐτοῖς
671 1548 711 1588 αἱ
745 1547 863 1598 τιμαί.
899 1547 1049 1597 ἆτιμιᾶς
1080 1548 1195 1598 τιμὼς
1223 1546 1324 1587 Ald.
1360 1547 1526 1597 εὐτιμίας
1560 1549 1667 1598 τιμὰς
1701 1547 1838 1586 Turn.

403 1615 605 1667 ἆσφαλίας
622 1615 733 1664 τιμὰς
751 1614 846 1654 Par.
877 1613 1078 1665 ἇσφαλίας
1097 1612 1217 1654 etiam
1243 1612 1284 1653 in
1313 1612 1495 1668 margine
1515 1614 1581 1653 M.
1609 1611 1759 1667 legitur
1787 1626 1838 1652 ex

402 1680 657 1735 glossemate.

461 1747 557 1800 699.
578 1744 638 1799 τὸ]
660 1745 729 1795 τὴν
751 1746 884 1785 Turn.
908 1744 1050 1799 Steph.

460 1828 555 1870 700.
585 1817 818 1871 προμαθεὺς]
849 1809 1064 1868 προμῆθεὺς
1094 1817 1158 1856 Μ.
1193 1817 1406 1868 προμηθεὺς
1436 1816 1576 1857 Guelf.
1612 1816 1715 1857 Rob.
1745 1816 1840 1868 πρό-

403 1900 511 1935 μητις
532 1883 707 1924 Bothius
725 1883 766 1923 in
787 1883 964 1924 editione
984 1882 1129 1937 prima.
1158 1884 1351 1937 προμαθίᾳ
1378 1884 1591 1934 κοινόμητις
1612 1882 1841 1923 Lachman-

403 1965 482 1993 nus
505 1950 558 1991 de
582 1950 695 1992 chor.
716 1961 814 2006 syst.
837 1965 878 2005 p.
901 1951 970 2001 64.
1028 1950 1159 1989 Recte
1184 1959 1409 1990 correctum
1431 1949 1594 1990 videtur
1615 1950 1839 2008 κοινόμητις,

404 2017 474 2057 sed
505 2017 748 2057 servandum
779 2017 1019 2069 προμαθεύςε
1068 2030 1160 2056 nam
1186 2015 1330 2056 vitium
1358 2030 1438 2056 non
1461 2015 1503 2055 in
1530 2015 1606 2056 hoc
1626 2014 1839 2064 vocabulo,

404 2083 474 2124 sed
493 2083 534 2123 in
564 2084 857 2139 antistrophico
875 2083 1013 2139 potius
1032 2085 1344 2136 δαφνηφόροισιν
1362 2098 1402 2123 ν.
1424 2083 1520 2135 706.
1539 2082 1652 2123 latet.
1713 2081 1838 2123 Scho-

403 2149 532 2198 liasta,
553 2151 576 2201 ἡ
595 2152 670 2203 γὰρ
691 2151 791 2204 ἀρχὴ
810 2150 884 2191 ὑπὸ
904 2154 980 2190 τῶν
1007 2154 1145 2190 κοινῶν
1169 2149 1433 2202 προνοουμένη
1462 2148 1533 2199 τήν
1561 2165 1604 2189 τε
1631 2149 1750 2189 πόλιν
1779 2148 1841 2189 καὶ

404 2217 447 2257 τὸ
468 2217 600 2257 κοινὸν
621 2217 739 2272 αὔξει.

461 2293 558 2335 701.
588 2282 950 2336 ξένοισι-διδοῖεν]
973 2283 1033 2322 Et
1060 2282 1302 2336 hospitibus,
1331 2296 1360 2321 s.
1382 2280 1605 2336 peregrinis
1631 2280 1838 2336 gentibus,

404 2349 461 2389 ad
478 2350 655 2389 amicam
673 2350 997 2404 compositionem
1014 2349 1228 2403 proclives,
1247 2349 1492 2403 priusquam
1511 2348 1655 2388 bellum
1669 2353 1840 2403 parent,

405 2416 453 2456 id
479 2416 587 2471 quod
601 2414 768 2469 justum
797 2420 870 2464 est,
900 2415 990 2455 sine
1015 2415 1166 2454 damno
1191 2415 1391 2455 tribuant.
1445 2413 1573 2455 Stanl.
1600 2427 1838 2469 perperam:

405 2482 710 2537 hospitibusque
711 2482 919 2536 feliciter,
934 2482 1183 2536 priusquam
1203 2486 1367 2520 arment
1380 2480 1564 2521 Martem
1582 2480 1674 2520 lites
1691 2480 1842 2535 absque

407 2548 556 2589 damno
578 2548 812 2589 concedant.
844 2547 1085 2599 εὐξύμβολος
1113 2556 1172 2587 est
1202 2560 1292 2587 cum
1319 2561 1398 2602 quo
1409 2547 1550 2601 facile
1574 2547 1839 2601 paciscimur,

407 2616 464 2656 ad
481 2617 655 2656 amicam
672 2616 758 2656 litis
776 2616 1104 2671 compositionem
1124 2627 1298 2669 pronus.
1329 2615 1419 2665 ἄτερ
1445 2612 1628 2664 πημάτων
1646 2611 1699 2652 ad
1718 2611 1842 2667 Argi-

409 2697 481 2722 vos
507 2682 693 2737 pertinet.
761 2683 922 2737 Nempe
950 2681 1023 2736 qui
1045 2682 1158 2736 juste
1187 2695 1279 2721 cum
1310 2679 1397 2720 aliis
1425 2679 1526 2734 agit,
1546 2679 1663 2719 facile
1691 2678 1842 2719 damno

409 2763 456 2789 ac
475 2748 718 2789 detrimento
736 2757 858 2790 caret.
891 2749 1023 2790 SCH.

467 2824 563 2867 704.
590 2814 700 2857 θεοὺς
719 2813 749 2855 δ’
770 2814 808 2855 οἳ
825 2814 1183 2868 γᾶν-ἐγχωρίους]
1205 2814 1359 2868 Legem
1381 2827 1405 2853 a
1426 2811 1682 2867 Triptolemo
1700 2810 1839 2860 latam,

408 2895 433 2920 a
466 2881 656 2922 Dracone
689 2880 915 2922 restitutam
953 2881 1007 2935 [V.
1038 2879 1165 2921 Petiti
1191 2880 1298 2935 Leg.
1327 2881 1421 2921 Att.
1459 2894 1499 2934 p.
1532 2878 1634 2934 69.]‚
1664 2876 1837 2933 respicit,
