1962 3224
566 167 656 208 AD
687 166 1130 208 CHOEPHORAS.
1498 164 1583 209 495

117 286 270 339 ἐχθρῶν
299 283 469 336 κρείσσω
499 280 696 336 κατέχειν.
760 279 844 322 Sed
873 278 1045 336 propior
1071 287 1134 320 est
1159 277 1280 319 Med.
1312 287 1408 333 759.
1435 275 1521 319 ἦὨν
1550 276 1582 318 τ’

118 353 295 394 ἐπίνοιαν
315 350 496 394 σπεύδεις
516 348 694 404 κατέχων
715 347 926 401 Πράξειας.
958 346 1023 388 vel
1053 346 1135 403 legi
1164 345 1310 403 possit,
1331 344 1520 399 Περσέως
1550 343 1583 386 τ’

118 422 162 462 ἐν
181 420 327 473 φρεσὶν
352 417 358 475 Ι
385 422 498 460 σαῖσι
519 418 680 471 καρδίαν
702 416 900 471 σχέθων.”
930 415 1164 457 BLOMF.

176 488 270 543 833.
293 491 373 531 τοῖς
394 486 427 528 θ’
451 488 505 528 R.
530 485 675 543 Steph.
706 490 788 530 τοῖς
807 484 838 527 τ’
862 486 998 526 Turn.
1031 484 1152 526 τοῖσδ’
1177 485 1242 525 Μ.
1265 481 1410 525 Guelf.
1431 480 1536 523 Ald.

175 556 331 608 φίλοισι
352 555 575 595 Porsonus.
607 554 790 607 φίλοισιν
810 551 918 593 libri.

177 623 274 679 834.
304 621 589 677 προπράσσων]
627 620 837 662 Heathius
866 620 1000 671 vertit,
1028 634 1109 675 pro
1129 632 1271 660 amore
1290 632 1370 675 quo
1395 617 1470 658 tibi
1490 631 1586 658 con-

103 692 251 749 juncti
271 697 372 732 sunt
391 691 583 732 tristibus
602 703 746 732 eorum
766 689 845 730 iris
861 689 1159 745 morigeratus.
1195 687 1291 728 Non
1313 685 1458 744 probo.
1490 686 1586 727 Aut

119 759 365 802 vertendum
394 760 487 799 iras
516 758 700 814 eoeplens,
723 758 878 815 gratia
900 757 1090 812 (matris)
1105 756 1361 813 posthabita,
1391 753 1587 808 πράσσων

120 829 240 882 ὀργὰς
259 827 334 881 πρὸ
354 826 527 881 χάριτος,
550 836 624 867 aut
650 825 891 882 legendum,
913 824 1020 866 sicut
1045 824 1088 865 in
1110 824 1252 881 Bigot.
1273 823 1437 878 χάριτας
1465 823 1588 877 ὀργᾶς

120 900 283 950 λυπρᾶς,
305 895 370 936 vel
390 898 550 948 λυγρᾶς,
572 894 686 951 quod
706 893 860 936 malim.
893 894 1126 936 BLOMF.

178 965 274 1020 835.
308 965 430 1018 ὀργὰς
458 965 611 1017 λυπρᾶς
641 964 778 1005 Turn.
802 962 946 1019 Steph.
990 964 1109 1016 ὀργᾶς
1134 964 1286 1015 λυπρᾶς
1314 959 1460 1003 Guelf.
1483 958 1585 1003 Ald.

122 1033 233 1075 Rob.

176 1101 356 1156 ἔνδοθεν]
380 1105 460 1144 τοῖς
479 1099 510 1142 δ’
533 1100 695 1142 ἔνδοθεν
717 1099 1003 1142 Blomfieldus.

182 1169 277 1226 837.
299 1168 330 1212 δ’
351 1185 432 1211 om.
457 1170 595 1210 Turn.

178 1239 300 1291 μόρου
322 1238 461 1279 Turn.
485 1236 629 1294 Steph.
658 1238 782 1290 μόρον
804 1237 869 1278 Μ.
892 1236 1037 1278 Guelf.
1059 1235 1162 1278 Ald.
1185 1235 1296 1278 Rob.

181 1306 278 1362 838.
298 1305 538 1362 ὑπάγγελος]
557 1304 621 1348 ὑπ’
642 1305 816 1359 ἅγγελος
834 1304 937 1347 Ald.
984 1304 1234 1362 Legendum
1256 1314 1363 1361 puto
1380 1302 1443 1345 ὑπ’
1466 1302 1586 1357 ἀγγέ-

121 1378 210 1424 λου,
242 1389 298 1416 sc.
329 1375 497 1426 κληθείς.
549 1373 741 1430 Sophocl.
772 1373 847 1430 Aj.
870 1374 966 1430 289.
998 1375 1039 1416 τί
1064 1372 1168 1426 τήνδ’
1198 1374 1381 1424 ἄκλητος,
1414 1371 1494 1414 οὔθ’
1521 1371 1585 1413 ὑπ’

123 1442 310 1496 ἀγγέλων
339 1443 521 1495 Κληθεὶς,
551 1443 728 1497 ἐφορμᾷς
762 1446 916 1496 πεῖραν,
947 1444 1039 1485 οὔτε
1068 1459 1137 1484 του
1168 1443 1298 1484 κλύων
1328 1441 1586 1495 Σάλπιγγος;

123 1511 322 1553 Trachin.
343 1524 440 1567 395.
470 1510 607 1564 Μίμν’,
640 1512 691 1555 ὡς
721 1509 776 1553 ὅδ’
798 1511 897 1565 ἀνὴρ
926 1511 996 1552 οὐκ
1023 1512 1127 1564 ἐμῶν
1152 1509 1215 1552 ὑπ’
1244 1509 1443 1564 ἀγγέλων,
1468 1508 1586 1550 Ἀλλ’

123 1580 360 1633 αὐτόκλητος
380 1582 423 1622 ἐκ
444 1581 573 1632 δόμων
591 1580 811 1634 πορεύεται.
872 1580 981 1622 Haec
1006 1579 1097 1621 loca
1115 1578 1291 1621 contulit
1311 1577 1586 1620 Abreschius.

125 1648 368 1704 Comparari
399 1648 521 1690 etiam
551 1656 688 1705 potest
709 1647 908 1705 Thucyd.
930 1649 969 1700 6,
994 1648 1062 1703 87.
1094 1648 1163 1690 οὐκ
1186 1648 1361 1700 ἄκλητοι,
1382 1651 1586 1700 παρακλη-

124 1715 258 1760 θέντες
278 1716 333 1758 δέ.
365 1716 437 1758 ubi
457 1716 540 1759 vid.
562 1716 768 1758 Abresch.
801 1718 1000 1759 Ceterum
1020 1716 1128 1758 idem
1151 1715 1296 1758 histrio
1316 1715 1391 1772 qui
1406 1716 1590 1757 Electrae

125 1793 263 1840 partes
291 1794 431 1841 egerat
462 1801 594 1842 usque
620 1785 674 1826 ad
703 1801 744 1828 v,
774 1787 869 1841 718.
900 1801 1012 1827 nunc
1042 1785 1151 1827 redit
1180 1785 1259 1827 sub
1281 1784 1469 1841 AEgisthi
1495 1798 1589 1841 per-

127 1868 251 1902 sona;
283 1854 419 1896 nescio
447 1870 500 1896 an
530 1854 651 1896 etiam
683 1854 870 1896 Nutricis
900 1854 1092 1896 habitum
1120 1853 1302 1895 induerit
1329 1853 1382 1895 ad
1418 1868 1458 1895 v.
1490 1862 1587 1909 734.

127 1920 221 1962 vide
240 1921 349 1963 infra
367 1922 420 1963 ad
443 1923 538 1977 878.
571 1922 802 1965 BLOMF.

185 1991 280 2043 840.
300 1991 512 2046 μολόντας]
532 1995 740 2043 μολῶντας
760 1991 901 2033 Guelf.
924 1990 1023 2033 Ald.

186 2058 391 2114 ἐφίμερον]
413 2058 612 2112 ἐφήμερον
633 2060 768 2100 Turn.

186 2127 282 2178 841.
306 2125 358 2181 δ’]
380 2125 416 2180 γ’
441 2125 646 2168 Stanleius
667 2136 785 2168 recte.

147 2228 150 2230 -
185 2195 397 2252 ἀμφέρειν]
422 2195 471 2237 ἂν
491 2195 630 2249 φέρειν
643 2197 782 2238 Turn.
814 2196 1032 2250 ἀναφέρειν
1046 2206 1106 2238 est
1127 2197 1287 2252 rqferre
1305 2196 1363 2236 ad
1381 2196 1586 2252 aliquem,·

128 2274 176 2305 ut
204 2262 246 2304 in
277 2263 427 2320 Eurip.
449 2264 585 2305 Orest.
608 2266 678 2318 76.
711 2266 782 2308 Εἷς
810 2268 966 2317 Φοῖβον
995 2264 1254 2318 ἀναφέρουσα
1287 2264 1354 2316 τὴν
1380 2265 1588 2317 ἁμαρτίαν,

127 2332 200 2388 qui
223 2347 365 2374 sensus
383 2332 481 2374 huic
500 2332 591 2375 loco
610 2348 758 2390 parum
780 2333 996 2375 convenire
1015 2333 1194 2375 videtur.
1254 2334 1415 2374 Forsan
1444 2333 1588 2389 legen-

126 2399 226 2441 dum
251 2400 313 2441 καὶ
327 2399 406 2442 τόδ’
427 2401 476 2443 αὖ
495 2400 644 2455 φέρειν.
709 2402 936 2453 Sententia,
961 2411 1006 2443 ut
1027 2401 1208 2454 videtur,
1231 2401 1320 2443 haec
1340 2411 1401 2443 est
1418 2417 1429 2449 ;
1463 2407 1503 2443 et
1516 2401 1591 2443 hoc

127 2467 290 2524 quidem
308 2469 470 2524 ivfirre
489 2469 691 2521 domibus,
711 2485 822 2512 nova
841 2471 921 2512 erit
935 2471 1153 2512 calamitas
1165 2477 1336 2512 cruenta
1350 2471 1389 2511 ei
1411 2469 1587 2527 (generi)

128 2535 238 2591 quod
252 2536 439 2591 pristina
457 2537 564 2578 caede
582 2538 865 2580 exulceratum
885 2545 958 2581 est.
1012 2538 1235 2580 Schutzius
1258 2553 1368 2589 vero,
1389 2536 1462 2594 qui
1493 2538 1591 2580 reti-

129 2613 200 2645 net
220 2605 536 2658 δειματοσταγὲς,
557 2604 670 2646 hunc
692 2605 734 2647 in
762 2606 932 2648 modum
957 2606 1277 2662 interpretatum
1310 2607 1387 2647 Ex
1414 2607 1488 2648 hoc
1518 2621 1591 2648 ru-

129 2685 241 2712 more
255 2685 334 2727 per
350 2671 516 2713 domum
535 2686 681 2727 sparso
700 2674 895 2715 eoeisteret
912 2687 1047 2715 novus
1066 2673 1181 2714 dolor
1200 2675 1385 2714 timorem
1406 2674 1589 2726 stillans,

128 2740 323 2781 accedens
351 2740 408 2780 ad
427 2741 659 2796 pristinam
690 2741 853 2791 caedem,
879 2747 1079 2798 tanquam
1109 2742 1166 2782 ad
1197 2741 1352 2783 vulnus
1378 2742 1591 2783 eoeulcera-

130 2813 218 2849 tum
252 2813 291 2848 et
324 2807 535 2849 doloribus
570 2808 774 2850 mordens.
811 2808 1035 2864 δεδηγμένῳ
1065 2808 1195 2850 active
1232 2808 1414 2865 positum
1454 2819 1590 2866 putat.

131 2875 362 2917 BLOMF.

189 2945 285 2997 842.
307 2946 595 2998 αἱματοσταγὲς
617 2945 835 2987 Stanleius.
866 2944 1138 3000 δειματόσταγ’
1158 2947 1199 2990 ἐς
1214 2945 1277 2988 Μ.
1308 2947 1489 2999 δείματος
1502 2945 1589 3000 τάγ’
