1962 3224
402 190 486 230 522
872 186 1365 236 ANNOTATIONES

398 301 534 341 omnia
553 311 784 342 amoventes
802 302 854 343 ad
877 303 1088 359 Delphum
1109 303 1467 359 proficiscentibus.
1526 303 1694 344 Erravit
1714 304 1832 344 Stan-

397 366 512 415 leius‚
540 382 634 408 cum
660 368 906 424 AEschylum
935 369 986 412 ad
1019 369 1172 410 Thesei
1200 370 1359 411 facinus
1388 370 1428 411 in
1459 370 1683 411 latronibus
1712 369 1834 411 truci-

397 433 543 474 dandis
561 433 783 489 respexisse
802 434 977 489 putavit.
1010 435 1139 476 SCH.

452 503 586 543 παῖδες
616 499 862 556 ζΗφαίστου]
900 501 1174 542 Athenienses
1207 502 1381 543 Vulcani
1414 510 1532 544 vocat
1564 502 1680 550 filios,
1716 502 1833 558 quasi

396 565 544 607 artium
585 566 766 607 omnium
806 566 1081 622 peritissimos.
1141 569 1249 608 Nam
1287 583 1312 609 a
1346 568 1530 610 Vulcano
1567 578 1607 610 et
1641 569 1833 610 Minerva

395 646 535 672 omnes
553 641 659 673 artes
679 633 885 688 perfectae.
945 633 1071 674 Unde
1093 635 1264 676 Homer.
1288 634 1435 691 Odyss.
1458 640 1505 686 Z,
1527 646 1623 690 233.

827 722 873 763 ὃν
887 721 1114 776 ’Ἥφαιστος
1133 723 1270 765 δέδαεν
1291 724 1353 764 καὶ
1373 725 1542 766 Παλλὰς
1558 722 1717 774 Ἀθήνη.

396 810 454 849 Et
475 810 636 865 Hymn.
657 809 698 849 in
720 809 837 851 Vulc.
858 824 895 849 V.
918 823 955 849 1.

613 885 846 939 ’Ἰ-Ῑφαιστον
867 887 1097 937 κλυτόμητιν
1117 888 1257 934 ἆείδεο,
1280 890 1426 928 Μοῦσα
1445 890 1586 940 λιγεῖα·

620 952 662 995 ὃς
679 951 759 1004 μετ’
779 951 986 1003 Ἀθηναίης
1005 954 1271 1006 γλαυκώπιδος
1292 954 1424 1005 ἀγλαὰ
1445 953 1541 1006 ἔργα

620 1019 843 1071 ἀνθρώπους
863 1017 1039 1069 ἐδίδαξεν
1060 1020 1122 1059 ἐπὶ
1140 1020 1295 1072 χθονός.

396 1106 450 1146 Ni
481 1106 616 1161 potius
641 1106 739 1161 quia
762 1106 1071 1156 Erichthonius,
1091 1121 1116 1147 a
1135 1121 1219 1162 quo
1239 1106 1525 1156 Athenienses,
1549 1106 1718 1148 Vulcani
1745 1117 1832 1149 erat

394 1173 513 1214 filius.
573 1172 778 1214 Fabulam
799 1183 979 1214 recenset
1000 1172 1275 1229 Etymologus
1295 1187 1337 1229 p.
1356 1183 1455 1227 371,
1478 1186 1545 1227 29.
1578 1173 1795 1214 STANL.

454 1241 519 1280 16.
543 1237 722 1294 Δελφός]
746 1241 788 1279 Α
808 1254 892 1294 quo
911 1238 1061 1280 scilicet
1081 1238 1174 1279 urbi
1195 1253 1364 1280 nornen:
1397 1254 1491 1280 nam
1511 1240 1700 1281 observat
1722 1242 1831 1282 Pau-

393 1306 523 1348 sanias
539 1320 605 1356 10,
628 1307 668 1356 6,
689 1319 732 1362 3.
765 1306 931 1359 Δελφὸν
955 1307 996 1346 δὲ
1019 1305 1158 1360 (εἶναι)
1179 1305 1248 1358 ἀφ’
1269 1306 1313 1346 οὗ
1342 1306 1386 1346 τὸ
1416 1307 1539 1357 ὄνομα
1568 1309 1613 1357 τῇ
1643 1308 1757 1348 πόλει
1785 1307 1830 1347 τὸ
1904 1332 1913 1337 s

394 1372 456 1426 ἐφ’
477 1374 583 1424 ἡμῶν
604 1374 722 1414 ἐστιν.
763 1374 822 1414 Et
840 1382 879 1427 5.
903 1374 955 1413 Οἱ
972 1374 1045 1424 μὲν
1066 1373 1108 1412 δὲ
1128 1376 1383 1424 γενεαλογεῖν
1401 1373 1449 1413 τὰ
1468 1371 1594 1413 πάντα
1615 1373 1830 1428 ἐθέλοντες,

392 1443 511 1481 παῖδα
541 1439 639 1481 εἶναι
659 1443 824 1492 Δελφοῦ
846 1441 985 1486 Πύθιν,
1010 1438 1072 1479 καὶ
1100 1439 1176 1479 ἀπὸ
1206 1441 1274 1478 τοῦ
1301 1439 1616 1488 βασιλεύσαντος
1644 1439 1831 1491 γενέσθαι

392 1508 438 1563 τῇ
467 1509 581 1548 πόλει
610 1506 808 1558 τὸκόνομα
835 1507 1010 1558 ἥγηνται.
1071 1507 1114 1546 Α
1135 1503 1299 1560 Delpho
1327 1519 1425 1559 ergo
1451 1504 1618 1559 Delphi,
1645 1520 1669 1545 a
1695 1505 1831 1560 Pythe

394 1573 545 1630 Pytho.
609 1571 851 1614 Scholiastes
879 1586 930 1612 ex
951 1570 1264 1627 Epaphrodito:
1299 1572 1501 1620 Μελαίνης
1529 1572 1572 1611 δὲ
1602 1571 1664 1612 καὶ
1682 1575 1829 1613 Ποσει-

393 1641 513 1681 δῶνος
534 1638 708 1691 Δελφὸς,
730 1637 797 1690 ἀφ’
819 1638 864 1678 οὗ
884 1639 921 1677 οἱ
942 1639 1113 1689 Δελφοί.
1146 1637 1364 1677 STANL.

453 1717 517 1758 17.
551 1704 900 1759 τέχνης-ἔνθεον]
932 1705 1022 1745 Nec
1054 1703 1173 1759 τέχνῃ
1205 1718 1297 1744 cum
1335 1703 1504 1744 Pauwio
1535 1704 1830 1759 reponendum,

392 1786 540 1826 neque,
561 1771 673 1827 quod
693 1770 823 1811 voluit
843 1769 1112 1820 Abreschius,
1132 1779 1224 1825 post
1244 1769 1397 1823 τέχνης,
1419 1770 1534 1811 ἕνεκα
1553 1770 1827 1826 supplendum

391 1848 463 1880 est.
522 1838 675 1892 Τέχνης
695 1838 831 1879 ἔνθεον
851 1837 979 1890 φρένα
999 1839 1133 1880 κτίσας
1153 1837 1352 1892 significat
1371 1843 1589 1893 postquam
1609 1839 1698 1893 ejus
1716 1853 1828 1879 men-

392 1913 469 1947 tem
489 1906 637 1946 divina
664 1905 923 1946 vaticinandi
950 1910 1041 1945 arte
1063 1904 1261 1960 implevit.
1321 1903 1436 1944 Ordo
1455 1913 1591 1945 autem
1612 1904 1828 1945 verborum

391 1982 478 2014 est:
525 1972 623 2016 Ζεὺς
654 1971 697 2013 δέ
732 1988 805 2019 νιν,
843 1972 975 2014 κτίσας
1009 1970 1138 2023 φρένα
1171 1969 1308 2011 ἔνθεον
1343 1970 1495 2024 τέχνης,
1531 1971 1599 2019 ἵζει
1631 1971 1828 2024 τέταρτόν.

394 2040 523 2147 ΞΟΙΙΞ.
536 2103 707 2160 θρόνοις]
728 2105 884 2157 χρόνοις
904 2103 1027 2144 L.M.
1049 2101 1192 2143 Guelf.
1212 2101 1311 2143 Ald.
1334 2102 1447 2143 Rob.

453 2186 515 2225 19.
538 2172 634 2215 Διὸς
652 2169 865 2224 προφήτης]
888 2168 1088 2224 Virgilius
1108 2167 1275 2208 AEneid.
1296 2181 1340 2222 3,
1362 2179 1457 2222 250.

560 2258 750 2314 Accipite
769 2272 868 2312 ergo
885 2256 1044 2307 animis,
1062 2265 1188 2311 atque
1206 2255 1294 2296 haec
1315 2270 1404 2296 mea
1423 2255 1535 2311 figite
1554 2256 1676 2307 dicta,

559 2327 664 2375 Quae
685 2323 846 2365 Phoebo
864 2331 981 2379 pater
999 2321 1269 2378 omnipotens,
1289 2321 1388 2362 mihi
1410 2323 1595 2366 Phoebus
1615 2325 1771 2381 Apollo

561 2390 775 2432 Praedixit.

390 2475 477 2517 Ubi
508 2474 697 2517 Servius:
729 2472 974 2514 Notandum
1002 2470 1233 2526 Apollinem
1263 2484 1358 2525 quoe
1385 2470 1486 2510 dicit
1513 2470 1565 2512 ab
1593 2471 1704 2512 Jove
1733 2487 1827 2529 cog-

389 2556 564 2584 noscere.
604 2543 663 2582 Et
683 2539 934 2585 Macrobius,
958 2535 1163 2578 Saturnal.
1185 2546 1226 2590 5,
1250 2548 1316 2580 22.
1357 2536 1531 2592 Affirmo
1549 2538 1826 2580 doctissimum

390 2616 525 2651 vatem
544 2610 667 2649 etiam
687 2608 733 2647 in
756 2607 828 2647 Ῑιοε
848 2604 1108 2659 AEschylum,
1127 2603 1495 2644 eminentissimum
1522 2605 1825 2660 tragaediarum

388 2678 642 2732 scriptorem,
669 2679 879 2719 secutum3
911 2672 982 2728 qui
1011 2671 1057 2711 in
1068 2670 1243 2726 fabula,
1268 2683 1361 2725 quae
1386 2670 1542 2712 Latina
1569 2672 1722 2728 lingua
1752 2687 1824 2714 sA-

390 2757 621 2785 CERDOTES
641 2740 875 2782 inscribitur
898 2743 1062 2794 (nempe
1080 2736 1267 2790 Ἱέρειαι),
1287 2737 1346 2777 sic
1365 2738 1452 2778 ait:

559 2823 751 2865 Στέλλειν
771 2823 874 2865 ὅπως
893 2821 1072 2874 τάχιστα·
1103 2822 1222 2861 ταῦτα
1242 2820 1318 2872 γὰρ
1337 2819 1460 2871 πατὴρ

559 2891 654 2934 Ζεὺς
674 2891 844 2943 ἐγκαθίει
865 2889 984 2943 Λοξίᾳ
1004 2888 1260 2938 θεσπίσματα.
