1962 3224
0 2468 11 2759 *wrm-mi-m-v-—ffi-‚qJ-a
0 2371 10 2449 wana„
0 2348 5 2356 v
0 2312 1 2315 „

566 175 658 217 AD
688 173 1226 217 AGAMEMNONEM.
1546 171 1632 215 367

158 287 348 344 proxima
376 300 476 328 vero
506 287 578 328 τὸν
612 285 644 328 δ’
674 284 995 339 ἐν-Ἀτρείδαις
1031 283 1156 325 unius
1186 282 1317 324 instar
1344 297 1489 325 versus
1518 293 1631 325 sunt.

158 355 232 397 Ad
263 370 389 412 quam
420 369 609 397 normam
640 353 927 411 antistrophici
961 367 1134 410 quoque
1164 366 1311 393 versus
1343 351 1635 394 describantur

157 425 400 477 464—470·

213 505 312 548 449.
335 493 415 535 διαὶ
437 493 722 534 Her-mannus.
753 493 818 532 διὰ
836 490 944 532 libri.

215 574 315 617 450.
335 562 534 615 προδίκοις
555 561 610 602 Τ.
640 561 890 613 προδίκοισιν
912 558 1060 615 Steph.

215 629 410 682 πρόδικος,
427 629 621 670 Justitiae
642 626 811 668 vindam.
841 626 1070 680 συνήγορος.
1103 625 1292 682 Hesych.
1325 626 1636 669 Lacedaemonii

156 696 216 739 ita
236 696 431 738 dicebant
451 700 529 738 τῶν
548 694 737 749 ὀρφάνων
756 694 966 747 βασιλέων
988 695 1233 747 ἐπιτρόπους.
1263 693 1424 736 vid.'ad
1446 695 1635 753 Hesych.

158 764 201 806 in
222 780 264 806 ν.
298 765 536 806 BLOMF.

216 842 315 888 455.
333 834 371 874 οἱ
385 828 675 886 δ’-ἔκρυψεν]
686 831 776 872 Alii
792 844 892 872 vero
892 831 1084 887 jbrmosi
1093 830 1270 887 juvenes
1279 831 1354 886 (ef.
1366 835 1636 890 V.445.sqq.)

159 901 256 943 istic
275 902 388 942 circa
406 901 562 942 moenia
582 900 783 956 Trqjanae
802 899 922 941 urbis
941 899 1093 940 loculos
1112 899 1312 950 obtinent,
1329 901 1640 958 obtinente-sque

160 969 326 1010 hostilis
346 974 462 1010 terra
482 968 602 1025 tegit.
634 968 826 1021 εὔμορφοι
845 967 898 1008 ad
921 966 1128 1009 tristitiam
1154 967 1212 1008 rei
1233 968 1470 1024 augendam
1498 969 1641 1027 adjici-

162 1046 246 1080 tur.
302 1038 427 1092 ἐχθρὰ
457 1035 543 1078 scil.
577 1038 643 1089 γᾶ,
678 1035 824 1076 eodem
860 1035 1054 1084 consilio;
1099 1035 1199 1093 quia
1238 1036 1354 1078 triste
1393 1046 1483 1079 erat
1521 1049 1642 1080 extra

162 1105 340 1161 patriam
371 1103 551 1162 sepeliri.
614 1103 825 1145 Nimirum
856 1104 947 1146 fieri
977 1119 1061 1145 non
1093 1113 1270 1160 poterat,
1302 1115 1351 1146 ut
1377 1105 1562 1147 omnium
1596 1107 1639 1148 in

162 1174 243 1215 hoc
262 1173 373 1215 bello
392 1172 689 1214 defunctorum
711 1187 803 1213 ossa
825 1172 868 1213 in
890 1172 1066 1229 patriam
1088 1172 1381 1225 mitterentur3
1412 1174 1455 1215 id
1486 1174 1640 1231 princi·

164 1242 286 1299 pibus
325 1250 488 1283 tantum
523 1240 634 1290 viris,
676 1240 742 1281 vel
776 1252 887 1282 certe
927 1239 1183 1282 beatioribus
1220 1241 1425 1290 dabatur;
1458 1242 1642 1299 reliquos

163 1325 306 1352 omnes
336 1309 450 1351 haud
481 1308 627 1367 procul
657 1309 711 1350 ab
737 1324 787 1350 eo
816 1308 922 1360 loco,
951 1308 1024 1350 ubi
1051 1318 1289 1366 pugnatum
1322 1319 1424 1361 erat,
1457 1311 1641 1367 sepultos

164 1394 251 1421 esse
266 1387 441 1420 constat.
471 1378 525 1420 cf.
546 1393 584 1420 ν.
606 1379 706 1434 506.
728 1377 897 1432 ἔχοντας
917 1376 1002 1418 scil.
1025 1379 1096 1421 τὰς
1116 1380 1247 1429 θῆκας.
1282 1379 1417 1421 SCH.

224 1447 435 1502 εὔμορφοι]
461 1446 668 1500 εὖμόρφως
689 1446 745 1487 Τ.

224 1515 364 1571 ἐχθρὰ]
388 1516 542 1570 ἐχθρῶν
564 1515 619 1556 Τ.

221 1584 322 1638 458.
347 1583 615 1637 δημοκράντου
635 1584 861 1624 Porsonus.
905 1581 1148 1636 δημοκράτου
1179 1581 1286 1624 libri.
1333 1587 1363 1608 “
1378 1586 1644 1638 δημόκραντος

167 1654 256 1706 ἀρὰ,
278 1653 522 1709 imprecatio
541 1666 667 1708 quam
684 1651 868 1708 populus
889 1656 1028 1691 ratam
1037 1650 1171 1706 fizcit.
1200 1652 1300 1693 τίνει
1321 1652 1441 1707 χρέος
1462 1653 1643 1695 debitum

166 1719 306 1770 solvit,
326 1718 351 1760 i.
372 1735 408 1760 e.
430 1720 742 1775 Agamemnon,
764 1718 900 1775 inquit
924 1717 1135 1760 Butlerus.
1180 1720 1278 1776 Ego
1299 1720 1358 1762 sic
1377 1721 1643 1777 interpretor,

168 1790 300 1830 ἆστῶν
333 1787 450 1841 φάτις
490 1787 566 1829 σὺν
601 1788 699 1843 κότῳ
735 1788 835 1829 τίνει
867 1787 987 1842 χρέος
1021 1788 1118 1841 ἀρᾶς
1148 1790 1430 1843 δημοκράντου.
1478 1793 1646 1833 Rumor

163 1856 388 1913 popularis
407 1871 500 1897 cum
521 1855 820 1913 indignatione
835 1856 944 1897 idem
945 1855 1053 1911 fire
1073 1856 1183 1898 valet
1201 1871 1251 1898 ac
1279 1858 1464 1901 solenni-5
1489 1861 1646 1917 impre-

167 1925 278 1966 catio
297 1925 349 1966 ab
369 1924 619 1979 urbefizcta.
674 1923 936 1980 Hujusmodi
952 1923 1283 1980 imprecationes,
1306 1925 1391 1968 sive
1410 1927 1464 1968 ad
1485 1927 1645 1970 bonum

168 1992 256 2033 sive
275 1991 328 2034 ad
350 1991 504 2033 malum
529 2000 775 2048 spectarent,
796 1991 976 2033 multum
998 1991 1135 2034 valere
1155 1993 1430 2050 putabantur.
1482 1996 1648 2043 Aristo-

169 2060 247 2110 nis,
269 2059 376 2116 regis
399 2059 592 2116 Spartani
613 2059 738 2109 filius,
757 2060 992 2113 Δημάρητος
1012 2060 1149 2102 dictus
1167 2061 1261 2112 fuit,
1280 2061 1393 2118 quia,
1416 2064 1645 2106 secundum

171 2128 380 2170 Herodot.
405 2129 446 2179 6,
468 2129 536 2184 63.
556 2129 749 2180 πανδημεὶ
771 2130 1012 2182 Σπαρτιῆται
1031 2128 1258 2182 Ἀρίστωνι,
1281 2131 1332 2174 ὡς
1358 2131 1470 2184 ἀνδρὶ
1498 2132 1643 2174 εὐδοκι-

168 2196 308 2249 μέοντι
328 2197 392 2238 διὰ
410 2196 571 2238 πάντων
592 2196 638 2247 δὴ
658 2200 736 2237 τῶν
755 2196 965 2248 βασιλέων
984 2201 1062 2238 τῶν
1082 2198 1126 2238 ἐν
1153 2200 1200 2254 τῇ
1228 2197 1390 2256 Σπάρτῃ
1404 2200 1646 2253 γενομένων,

171 2264 270 2318 ἆρὴν
291 2264 531 2316 ἐποιήσαντο
551 2267 673 2306 παῖδα
690 2264 920 2318 γενέσθαι.”
951 2265 1184 2308 BLOMF.

228 2334 329 2386 462.
350 2332 537 2388 ἄσκοποι]
558 2333 782 2374 ἆπόσκοποι
803 2332 868 2375 Fl.

230 2403 332 2457 463.
354 2400 384 2443 δ’
408 2400 474 2442 Fl.
506 2400 538 2442 δ’
561 2402 632 2443 οὖν
652 2400 793 2457 vulgo.

228 2468 407 2522 Ἐρινύες
427 2468 712 2510 Blomfieldus.
742 2468 946 2523 Ἐριννύες
964 2469 1073 2511 libri.

229 2538 328 2588 464.
369 2541 611 2591 παλιντυχεῖ
644 2536 841 2594 Scaliger.
884 2541 1109 2593 παλιντυχῆ
1144 2538 1286 2595 vulgo.
1332 2543 1555 2595 παλιντυχῇ
1591 2541 1648 2583 Τ.

172 2621 268 2647 cum
290 2604 348 2662 gl.
371 2606 533 2647 ἐναντία
552 2609 751 2661 δυστυχεῖ.

231 2676 331 2728 467.
353 2673 398 2714 τὸ
419 2672 450 2714 δ’
473 2674 971 2729 ὑπερκότως-κεραυνός]
995 2675 1135 2716 Grave
1149 2682 1288 2717 autem
1303 2682 1365 2718 est
1378 2691 1471 2718 cum
1488 2692 1651 2735 magna

174 2741 320 2798 populi
349 2741 518 2783 invidia
549 2742 749 2790 Iaudari3
762 2743 942 2799 filmen
972 2744 1083 2784 enim
1106 2758 1134 2783 a
1153 2744 1260 2785 Jove
1279 2744 1484 2800 ejusmodi
1515 2745 1648 2787 homi-

176 2825 279 2852 num
313 2810 452 2851 oculos
477 2811 601 2864 ferit.
632 2812 852 2863 ὑπερκότως
888 2810 1118 2867 significare
1151 2820 1289 2868 potest
1318 2811 1346 2854 i.
1367 2828 1410 2868 q.
1442 2814 1518 2855 σὺν
1551 2815 1650 2871 κότῳ

180 2893 219 2919 V.
250 2881 349 2931 464.
381 2877 524 2934 itaque
557 2878 607 2919 de
640 2878 837 2920 Pearsoni
873 2878 1088 2927 sententia,
1118 2879 1191 2935 qui
1219 2878 1379 2921 mavult
1407 2880 1649 2933 ὑπερκόπως,
