1962 3224
557 184 648 226 AD
677 182 1217 226 AGAMEMNONEM.
1540 183 1627 226 325

155 307 509 351 annumerabatur
521 306 737 362 Ἄγγελος,
754 307 823 350 cui
843 306 1139 350 tribuebantur
1154 307 1248 358 ista,
1263 321 1362 364 quae
1377 321 1416 349 v,
1437 307 1520 349 268
1536 323 1628 365 sqq.

155 377 378 428 dicuntur3
409 391 507 433 quae
535 375 664 418 choro
688 375 913 418 tribuenda
937 391 1025 418 esse
1044 384 1158 418 recte
1180 374 1389 417 Stanleius
1407 374 1628 428 intellexit,

154 445 435 502 nuntiumque
472 444 590 486 illum
625 460 649 486 e
682 459 859 486 numero
892 458 1166 501 personarum
1202 443 1629 486 circumscribendum

154 527 242 556 esse
264 512 381 555 vidit.
720 557 722 559 ,

215 583 347 625 Scena
383 581 553 639 longam
594 581 708 623 urbis
744 580 924 638 plateam
965 580 1307 638 repraesentabat,
1348 579 1501 638 passim
1547 581 1630 622 aris

154 650 329 693 deorum
358 659 562 701 ornatam,
590 649 642 692 cf.
663 664 701 692 v.
723 663 775 706 91
800 665 888 706 sqq.
917 649 1039 707 cujus
1064 649 1108 691 in
1137 648 1343 691 anteriore
1372 658 1492 706 parte
1522 648 1627 691 vise-

152 719 280 761 batur
298 718 628 776 Agamemnonis
648 717 772 775 regia.
794 718 848 760 cf.
871 733 910 758 v.
930 731 970 773 3.
991 730 1092 773 529.
1111 718 1263 775 *SCH.

215 789 364 830 Aetam
395 787 502 829 hanc
528 785 715 828 fabulam
747 801 835 828 esse
865 785 1052 828 Philocle
1080 786 1279 828 archonte
1308 784 1465 843 olymp.
1494 786 1564 836 80,
1588 798 1628 829 2.

152 855 465 914 choregumque
483 855 611 897 fuisse
631 854 866 896 Xenoclem
883 854 1204 911 Aphidnensem
1226 854 1464 911 argumenti
1486 853 1628 896 Graeci

153 925 329 981 scriptor
360 924 561 982 prodidit.
621 923 865 980 Tetralogia
894 938 946 964 ex
978 933 1181 980 quattuor
1215 922 1299 964 fuit
1327 922 1483 964 fabulis
1517 937 1628 964 com-

152 993 302 1049 posita,
323 995 656 1050 Agamemnone,
684 991 961 1048 Choephoris‚
988 1001 1030 1033 et
1060 991 1372 1034 Eumenidibus
1399 1000 1442 1033 et
1472 992 1628 1034 Proteo

153 1061 342 1119 satyrico.

212 1268 254 1299 2.
290 1257 415 1309 μῆχος
448 1253 746 1296 Valckenarius
780 1253 836 1295 ad
872 1252 1079 1295 Herodot.
1109 1266 1154 1307 4,
1184 1265 1277 1309 150.
1338 1252 1461 1295 Libri
1490 1255 1625 1306 μῆκος,

152 1322 268 1381 quod
287 1321 508 1364 scholiasta
526 1321 706 1378 explicat
726 1325 804 1363 τῶν
825 1323 924 1363 κατὰ
943 1321 990 1363 τὸ
1010 1324 1132 1375 μῆκος
1150 1325 1219 1374 τῆς
1239 1322 1368 1366 ἐτείας
1388 1325 1575 1376 φρουρᾶς.

205 1391 257 1444 ἢν
278 1392 333 1433 Τ.
356 1390 504 1448 Steph.
523 1391 574 1443 ἦν
593 1392 731 1432 Turn.
752 1389 784 1432 δ’
805 1390 855 1442 ἢν
875 1391 943 1433 Μ.
966 1390 1111 1433 Guelf.
1133 1390 1165 1433 δ’
1186 1389 1236 1443 ἢν
1255 1390 1360 1432 Ald.
1386 1392 1419 1433 δ’
1438 1391 1489 1443 ἦν
1511 1391 1624 1434 Rob.

153 1460 396 1510 Scholiasta,
425 1459 635 1514 γράφεται,
665 1461 787 1511 μῆκος
817 1457 849 1500 δ’
880 1459 930 1511 ἦν
960 1460 1216 1513 κοιμώμενος.
1279 1459 1348 1501 Sic
1382 1459 1474 1501 haeo
1509 1459 1624 1501 scho-

148 1527 280 1570 liastae
298 1529 426 1570 verba
445 1527 600 1584 scripta
619 1537 718 1569 sunt
737 1527 779 1568 in
800 1527 868 1569 ed.
892 1527 1036 1584 Steph.
1055 1544 1064 1570 :
1098 1527 1217 1569 aliter
1235 1527 1278 1569 in
1301 1528 1412 1570 Rob.
1445 1531 1567 1581 μῆκος
1592 1527 1624 1570 δ’

149 1597 224 1650 ἤνε
256 1597 307 1650 ἦν
327 1597 392 1639 ἐπὶ
410 1599 532 1649 μῆκος
553 1597 805 1649 κοιμώμενος.
834 1599 967 1651 μῆχαρ
987 1595 1207 1653 aliquoties
1235 1596 1343 1639 dixit
1365 1596 1622 1655 AEschylus:

150 1666 277 1721 μῆχος
294 1675 390 1723 post
407 1667 643 1707 Homerum
664 1664 850 1721 aliosque
870 1664 1099 1722 Euripides
1118 1665 1327 1707 Androm.
1349 1667 1448 1722 536.

207 1748 252 1791 3.
284 1734 475 1790 ἄγκαθεν]
505 1734 714 1790 Desuper.
776 1734 1050 1775 Contractum
1083 1749 1136 1776 ex
1172 1734 1381 1784 ἀνέκαθεν,
1418 1734 1535 1791 quod
1569 1734 1625 1777 ab

148 1803 303 1858 ἄνεκας.
336 1802 483 1844 Lexic.
522 1801 709 1858 Seguier.
743 1816 809 1858 ap.
846 1801 1028 1844 Bekker.
1058 1818 1101 1859 p.
1132 1816 1232 1859 337.
1266 1802 1488 1857 Ἀγκαθεν.
1525 1805 1627 1845 κατὰ

150 1871 355 1923 ἀποκοπὴν
375 1871 462 1913 ἀντὶ
481 1874 551 1913 τοῦ
570 1870 778 1912 ἀνέκαθεν.
809 1872 930 1913 οὕτως
947 1871 1166 1926 Αἰσχύλος.
1187 1872 1378 1929 Hesych.
1392 1871 1624 1927 Ἀγρίαθεν.

150 1939 357 1982 ἀνέκαθεν.
403 1941 624 1994 Αἰσχύλος.
666 1939 740 1981 ubi
781 1949 892 1980 recte
932 1938 1049 1980 Flor.
1090 1939 1370 1991 Christianus,
1404 1939 1623 1995 Ἀγκαθεν.

150 2008 301 2049 Minus
329 2008 434 2050 bene
463 2008 645 2064 explicat
674 2007 893 2050 scholiasta
922 2009 1089 2056 ἄνωθεν,
1123 2009 1165 2059 ἐξ
1196 2009 1331 2062 ἀρχῆς.
1368 2010 1472 2065 (quo
1501 2024 1624 2051 sensu

146 2076 356 2118 interdum
387 2076 570 2134 ponitur.
631 2076 726 2119 Vid.
760 2076 990 2133 Phrynich.
1021 2092 1065 2132 p.
1088 2077 1181 2118 116.
1216 2076 1375 2118 Thom.
1399 2077 1466 2118 M.
1490 2092 1531 2133 p.
1555 2087 1624 2133 79.

149 2145 331 2187 Wessel.
358 2145 412 2187 ad
445 2145 656 2187 Herodot.
684 2160 729 2202 p.
754 2146 844 2197 80.)
876 2145 1058 2186 Eumen.
1079 2155 1178 2199 375.
1210 2144 1388 2198 ἄγκαθεν
1415 2148 1626 2198 βαρυπεσῆ

150 2212 360 2267 καταφέρω
389 2213 511 2257 ποδὸς
540 2213 682 2266 ἀκμάν.
727 2212 919 2268 Choeph.
949 2224 1050 2264 424.
1080 2210 1478 2266 Ἐπασσντεροτριβῆ
1507 2212 1627 2268 χερὸς

148 2281 350 2335 ὀρέγματα
369 2281 565 2333 Ἀνωθεν,
589 2281 799 2324 ἀνέκαθεν.
862 2280 945 2322 Sed
975 2280 1018 2322 in
1044 2281 1231 2322 Eumen.
1256 2281 1325 2323 80.
1358 2282 1535 2336 ἄγκαθεν
1563 2291 1627 2324 est

148 2348 203 2390 ab
223 2349 362 2403 ἆγκάς.
395 2350 629 2391 BLOMF.

207 2417 322 2462 κυνὸς
356 2419 481 2475 δίκην]
513 2411 707 2475 AEschyli
740 2425 865 2460 aetate
899 2416 1156 2474 comparatio
1182 2432 1209 2459 a
1237 2431 1339 2459 cane
1367 2416 1510 2471 ducta,
1540 2434 1625 2461 non

147 2485 280 2542 magis
311 2485 506 2543 ignobilis
544 2496 648 2538 erat,
689 2501 817 2543 quam
852 2485 1083 2528 Homerica
1122 2485 1351 2527 similitudo
1389 2486 1444 2528 ad
1480 2488 1627 2544 Ajacis

148 2553 436 2596 fortitudinem
477 2555 778 2612 designandam
817 2555 872 2596 ab
911 2553 1014 2596 asini
1054 2553 1284 2596 indolentia
1321 2554 1467 2611 petita.
1529 2557 1626 2598 Hac

147 2620 329 2678 imagine
362 2622 492 2679 igitur
520 2639 685 2666 summa
714 2623 757 2665 in
787 2622 1001 2680 vigilando
1029 2622 1134 2664 fides
1162 2631 1205 2664 et
1234 2622 1456 2666 assiduitas
1485 2623 1625 2681 desig-

148 2700 288 2732 natur.
311 2691 365 2732 cf.
385 2706 424 2734 v.
447 2693 546 2747 607.
579 2693 715 2734 SCH.

205 2760 335 2812 4—6.
366 2760 462 2801 Hos
487 2775 632 2802 versus
660 2759 761 2802 citat
781 2758 970 2801 Achilles
996 2760 1099 2802 Tat.
1126 2759 1240 2816 Isag.
1264 2759 1309 2801 in
1328 2759 1455 2802 Arati
1475 2760 1623 2803 Phaen.

147 2841 190 2883 p.
212 2838 305 2869 122.

205 2906 248 2950 5.
271 2895 384 2950 θέρος
402 2897 583 2952 βροτοῖς]
606 2898 772 2950 βροτοῖς
790 2894 905 2949 θέρος
924 2896 1029 2937 Ven.
1052 2894 1168 2937 Flor.
1190 2894 1244 2936 T.

204 2965 248 3005 6.
279 2965 483 3018 λαμπροὺς
513 2963 727 3019 δυνάστας]
762 2964 901 3006 Solem
927 2979 976 3006 ac
998 2964 1166 3006 Lunam
1188 2961 1382 3020 intelligit
1401 2979 1509 3021 quos
1530 2966 1624 3008 Vir-
