1962 3224
383 169 469 211 624
863 170 1357 212 ANNOTATIONES

382 280 468 332 ῥίζα
488 280 600 331 αὐτῆς
622 281 684 321 καὶ
702 282 904 334 τρόφιμον.
935 282 1250 333 διαμασσῶμενοι
1268 283 1365 333 γοῦν
1383 279 1502 330 αὐτὴν
1521 280 1558 319 οἱ
1578 279 1621 319 ἐν
1641 279 1820 332 Αἰγύπτῳ

383 347 686 400 ἇποχυλίζουσιν
707 348 933 390 ἑκπτύοντες
952 347 996 388 τὸ
1017 347 1279 399 διαμάσσημα.
1339 344 1655 401 Theophrastus
1674 345 1734 385 H.
1756 345 1820 385 Pl.

382 426 424 464 4,
443 426 483 466 9.
511 412 562 453 de
592 428 749 469 papyro
770 414 946 469 AEgypt.
976 413 1150 465 μάλιστα
1179 414 1222 454 δὲ
1252 413 1314 454 καὶ
1342 412 1507 462 πλείστη
1535 410 1700 462 βοήθεια
1727 410 1822 463 πρὸς

382 480 452 531 τὴν
480 480 629 533 τροφὴν
658 481 723 521 ἀπ’
754 481 870 521 αὐτοῦ
901 482 1062 533 γίνεται·
1098 484 1299 532 μασῶνται
1332 481 1407 532 γὰρ
1437 479 1604 521 ἅπαντες
1633 479 1670 518 οἱ
1701 479 1745 518 ἐν
1775 480 1820 528 τῇ

381 548 489 601 χώρᾳ
507 546 684 599 πάπυρον
704 547 766 587 καὶ
784 547 889 597 ὠμὸν
910 547 971 587 καὶ
1001 546 1126 599 ἑφθὸν
1152 547 1215 587 καὶ
1243 547 1375 587 ὀπτόν.
1410 546 1471 586 καὶ
1500 545 1568 586 τὸν
1595 546 1668 596 μὲν
1695 543 1822 597 χυλὸν

384 613 646 659 καταπίνουσι,
668 612 711 652 τὸ
733 613 775 652 δὲ
793 611 953 663 μάσημα
973 612 1228 663 ἐκβάλλουσι.
1260 613 1426 653 Horum
1446 612 1585 667 itaque
1603 610 1818 651 verborum

383 693 526 719 sensus
565 677 750 719 videtur:
813 679 954 718 Tanto
994 678 1185 734 AEgyptii
1223 678 1466 719 imbelliores
1513 686 1608 718 sunt
1646 676 1818 725 Graecis,

380 754 536 801 quanto
564 744 698 784 minus
726 743 895 784 robusta
922 753 982 784 est
1009 759 1205 799 papyrus,
1236 759 1378 785 eorum
1412 744 1543 793 cibus,
1567 758 1691 798 quam
1725 743 1815 783 fru-

386 821 570 852 mentum
608 811 866 860 Graecorum,
906 809 1061 866 quippe
1097 825 1191 851 cum
1226 825 1308 851 non
1343 810 1474 851 valeat
1513 809 1663 865 spicam
1701 809 1821 849 ferre.

385 879 480 919 Hoc
507 876 697 932 AEschyli
727 876 879 917 dictum
909 876 949 916 in
981 876 1243 931 proverbium
1277 877 1456 917 transiit:
1493 877 1612 931 cujus
1638 875 1823 916 meminit

386 943 593 985 Zenobius
613 942 746 983 verbis
766 942 906 998 paullo
924 942 1150 983 immutatis
1167 958 1176 983 ε
1221 944 1379 994 Βύβλου
1398 944 1441 983 δὲ
1461 943 1607 995 καρπὸν
1627 943 1672 983 οὗ
1691 946 1824 994 κρατεῖ

386 1010 554 1064 στάχυςε
589 1010 652 1050 ἐπὶ
670 1013 746 1050 τῶν
762 1009 806 1050 οὐ
827 1008 1050 1060 δυναμένων
1069 1013 1149 1053 τοῖς
1171 1010 1279 1052 ἰδίοις
1297 1012 1466 1063 χρῆσθαι
1482 1013 1628 1056 καλοῖς,
1644 1010 1821 1060 παρόσον

385 1077 552 1128 ἀσθενὴς
569 1079 592 1128 ἡ
611 1078 766 1128 βύβλος
786 1076 881 1128 πρὸς
901 1076 944 1116 τὸ
967 1076 1103 1129 φέρειν
1118 1080 1240 1117 σῖτον·
1262 1075 1435 1129 στάχυας
1454 1077 1530 1128 ’γὰρ
1546 1074 1823 1116 ἀνατέλλουσα

386 1145 453 1186 οὐκ
489 1144 679 1197 ἐντρέφει.
739 1144 893 1184 Verum
921 1159 972 1184 ex
1003 1143 1065 1183 his
1099 1142 1252 1183 ultimis
1283 1142 1415 1183 verbis
1450 1141 1690 1197 corrigenda
1727 1150 1823 1181 sunt

384 1212 542 1268 prima:
574 1219 730 1252 constat
759 1211 864 1251 enim
892 1225 986 1250 eum
1016 1209 1221 1265 scripsisse
1248 1224 1342 1250 cum
1365 1208 1580 1265 AEschylo‚
1602 1209 1760 1260 Βύβλου
1780 1209 1823 1249 δὲ

388 1279 531 1331 καρπὸς
564 1278 608 1318 οὐ
642 1282 772 1330 κρατεῖ
801 1277 962 1330 στάχυν,
997 1275 1243 1332 astipulatur
1277 1285 1318 1316 et
1358 1275 1519 1326 Sufflas,
1548 1274 1660 1330 apud
1699 1289 1821 1330 quem

386 1344 560 1400 legitur:

614 1401 772 1451 Βύβλου
792 1400 834 1441 δὲ
855 1398 998 1451 καρπὸς
1017 1399 1084 1439 οὐκ
1105 1399 1206 1439 αἰτεῖ
1223 1396 1372 1450 στάχυν
1391 1396 1531 1449 μέγαν,

389 1477 459 1518 ubi
480 1492 555 1533 pro
575 1477 619 1517 οὗ
640 1479 742 1517 αἰτεῖ
757 1476 975 1532 legendum
997 1475 1042 1516 οὐ
1059 1479 1191 1527 κρατεῖ
1208 1473 1365 1514 monuit
1376 1475 1584 1515 Erasmus.
1605 1474 1822 1515 STANL.

389 1543 628 1585 Notandum
650 1544 807 1593 βύβλου
827 1551 1012 1597 correpta
1033 1540 1187 1597 syllaba
1208 1540 1355 1596 priore.

445 1610 503 1664 δὲ]
525 1608 554 1650 δ’
577 1610 598 1649 ὁ
619 1608 719 1649 Ald.
742 1609 878 1648 Turn.

447 1677 546 1729 762.
568 1675 618 1716 ὡς
637 1673 714 1727 καὶ]
737 1674 880 1714 Lectio
899 1681 1100 1728 suspecta.
1130 1673 1232 1723 ὅμως
1253 1671 1504 1712 Schuetzius.

447 1742 541 1795 763.
563 1740 725 1793 ἔχοντας
747 1740 880 1779 Turn.
906 1738 1048 1794 Steph.
1081 1739 1237 1791 ἔχοντες
1255 1737 1412 1778 codices
1431 1746 1472 1778 et
1491 1737 1593 1778 Ald.
1615 1738 1725 1779 Rob.

445 1807 646 1848 Deleatur
665 1819 822 1846 comma
841 1814 934 1860 post
955 1805 1087 1857 ὀργάς.

446 1873 598 1927 κράτος]
624 1871 877 1913 Vocabulum
907 1880 1162 1926 corruptum.
1221 1871 1375 1911 Verum
1410 1886 1493 1912 non
1525 1880 1586 1912 est
1618 1880 1824 1913 assecutus

391 1939 647 1986 Schuetzius‚
687 1952 815 1993 quum
853 1941 980 1980 καλῶς
1015 1937 1245 1993 corrigeret.
1290 1937 1360 1988 τὴν
1399 1938 1496 1989 βίαν
1532 1937 1823 1994 interpretatur

390 2005 614 2048 scholiasta.
645 2004 780 2057 κράτος
793 2005 875 2060 ⁴qui
901 2003 1119 2045 defendere
1138 2003 1288 2052 volent,
1310 2003 1366 2044 sic
1386 2003 1495 2045 hunc
1515 2018 1677 2045 versum
1696 2004 1819 2045 corri-

390 2088 486 2129 gere
505 2071 726 2121 debebunt,
748 2072 866 2124 ὀργὰς
885 2072 1056 2124 ἐχόντων
1074 2070 1149 2124 χρὴ
1169 2069 1448 2123 φυλάσσεσθαι
1468 2070 1616 2123 κράτος.

450 2142 545 2192 764.
565 2140 669 2180 οὗτοι
688 2143 828 2191 ταχεῖα
846 2137 936 2193 —]
959 2139 1082 2178 Pater
1101 2137 1203 2177 filias
1221 2136 1502 2178 consolaturus
1520 2137 1694 2178 affirmat
1711 2136 1824 2177 haud

391 2207 494 2248 adeo
513 2206 694 2247 celeriter
714 2204 892 2260 AEgypti
911 2204 1015 2244 filios
1035 2204 1207 2244 navibus
1226 2203 1418 2244 exituros.
1448 2204 1548 2244 Non
1567 2203 1666 2244 adeo
1684 2204 1825 2244 celeris

393 2280 451 2315 est
470 2274 673 2314 maritimi
693 2273 896 2312 exercitus
916 2286 945 2311 s.
967 2272 1144 2311 militum
1164 2271 1471 2311 classiariorum
1498 2275 1631 2310 motus
1647 2286 1661 2316 ‚·
1699 2283 1827 2325 neque

394 2356 489 2382 vero
528 2341 661 2382 statim
702 2339 904 2396 reperitur
941 2339 1064 2379 statio
1100 2337 1273 2378 navibus
1314 2336 1472 2384 idonea,
1512 2349 1584 2375 nec
1627 2337 1827 2377 securitas

375 2409 573 2464 fimium,
608 2408 644 2448 h.
666 2423 699 2448 e.
732 2408 845 2447 locus
873 2406 943 2446 ubi
975 2414 1066 2446 tuto
1094 2419 1216 2445 naves
1245 2403 1414 2444 funibus
1438 2402 1670 2457 alligentur,
1699 2417 1827 2459 ‘neque

393 2477 585 2516 anchoris
604 2476 743 2515 statim
763 2488 812 2514 ac
833 2479 976 2514 temere
995 2472 1203 2526 confidunt
1223 2472 1395 2511 navium
1414 2475 1599 2510 rectores.
1631 2470 1759 2510 SCH.

451 2539 787 2594 ταχεῖα-στολὴ]
808 2538 1123 2592 ταχείᾳ-στολῇ
1146 2538 1209 2577 Μ.
1231 2536 1339 2577 Rob.
1371 2538 1493 2586 στολῇ
1513 2535 1633 2576 etiam
1654 2535 1756 2576 Ald.

453 2609 547 2660 765.
578 2605 801 2657 πεισμάτων
826 2604 1008 2658 σωτηρία]
1030 2603 1154 2644 Falso
1184 2602 1363 2658 Scaliger
1391 2617 1441 2642 ex
1469 2601 1828 2656 interpretamento

397 2673 620 2716 scholiastae
648 2674 842 2724 πείσματα
872 2670 1041 2723 σωτήρια
1068 2669 1299 2725 colligebat,
1320 2683 1412 2710 cum
1441 2668 1609 2720 σωτήρια
1630 2667 1673 2708 in
1692 2667 1828 2708 codice

398 2755 472 2781 suo
491 2739 664 2795 legisset.
715 2740 809 2779 Imo
828 2737 965 2793 potius
985 2745 1192 2777 enarrator
1213 2736 1386 2777 Graecus
1403 2734 1647 2775 locutionem
1666 2733 1828 2784 πεισμά-

397 2822 475 2846 των
494 2806 663 2857 σωτηρία
679 2804 787 2845 idem
810 2803 942 2844 valere
960 2817 1008 2843 ac
1026 2803 1221 2853 πείσματα
1240 2800 1409 2853 σωτήρια
1428 2799 1636 2856 significat.
1669 2800 1798 2840 SCH.

454 2870 692 2925 πεισμάτων]
712 2869 914 2922 πισμάτων
935 2869 1001 2909 Μ.
1025 2867 1125 2909 Ald.
1148 2867 1256 2909 Rob.
1280 2868 1416 2908 Turn.
