1962 3224
355 198 439 238 354
827 198 1321 238 ANNOTATIONES

353 310 467 357 βοαῖς
487 307 549 347 καὶ
570 306 733 358 θρήνοις.
756 314 812 356 et,
830 306 1058 358 συνίζησις.)
1082 306 1226 361 Steph.
1249 306 1381 348 αὐταῖς
1401 305 1542 346 Guelf.
1557 306 1658 346 Ald.
1678 306 1787 347 Rob.

355 372 492 414 Turn.

410 447 504 491 255.
525 437 703 492 πέλοιτο]
723 437 838 478 πέλοι
858 437 969 478 Rob.

409 504 624 560 τούτοισιν]
648 505 796 546 τούτοις
818 503 957 559 Steph.

408 568 603 625 εὕπραξις]
625 570 867 611 Inusitatam
889 568 1077 610 vocabuli
1097 569 1268 610 formam
1297 583 1370 624 per
1400 569 1582 621 εὐπραξία
1611 568 1786 624 explicat

350 635 574 677 scholiasta.

407 704 501 757 256.
523 702 733 758 ἄγχιστον]
758 701 997 752 Scholiasta,
1018 702 1061 742 τὸ
1084 703 1328 755 συγγενικόν.
1350 701 1412 742 vel
1426 702 1667 757 promimus,
1689 700 1787 756 quia

348 770 635 824 Agamemnon
666 779 707 810 et
736 769 938 826 principes
958 768 1211 823 Argivorum
1242 769 1434 816 aberant3
1466 777 1507 810 et
1536 768 1611 809 hoc
1642 782 1782 808 verum

346 845 463 892 put0.
525 839 648 878 Senes
678 838 729 877 de
759 846 884 877 semet
918 835 1016 892 ipsis
1053 835 1303 890 loquuntur3
1339 837 1619 888 μονόφρουρον,
1650 833 1784 889 inquit

346 902 572 952 scholiasta,
596 905 680 944 ἐπεὶ
699 905 811 955 μόνοι
834 902 1016 956 γέροντες
1037 903 1269 954 ἐφύλασσον
1288 901 1358 952 τὴν
1376 901 1578 948 Ἑλλάδα;
1609 900 1722 955 quod
1741 899 1782 940 in

346 969 487 1009 Persia
506 970 625 1010 etiam
648 970 801 1010 factum
823 969 947 1010 fuisse
967 970 1023 1009 ait
1045 968 1271 1024 AEschylus
1290 967 1331 1008 in
1353 969 1570 1008 Persarum
1597 967 1784 1022 prologo,

345 1043 392 1076 ut
413 1050 527 1076 senes
544 1037 661 1091 regni
682 1035 871 1077 custodes
891 1035 1227 1091 relinquerentur.
1260 1035 1488 1076 BLOMF.

399 1101 553 1156 Ἀπίας]
574 1103 855 1158 Peloponnesi.
879 1103 1051 1142 Homer.
1075 1102 1195 1142 Iliad.
1218 1106 1264 1151 A,
1289 1111 1383 1154 270.
1416 1102 1458 1141 ἐκ
1488 1101 1625 1141 Πύλου
1656 1101 1783 1141 ἐλθὼν

343 1169 523 1219 Τηλόθεν
554 1171 595 1219 ἐξ
622 1168 760 1219 Ἀπίης
789 1170 912 1221 γαίης.
943 1169 1056 1224 quod
1086 1167 1338 1224 grammatici
1366 1166 1543 1208 absurde
1578 1166 1783 1222 explicant

343 1237 410 1285 τῆς
438 1235 587 1287 μακρὸν
614 1236 797 1286 ἀπούσης.
825 1235 866 1276 in
886 1251 971 1290 quo
990 1251 1124 1276 errore
1143 1244 1357 1275 versantur
1379 1234 1525 1275 Strabo
1545 1249 1584 1288 p.
1606 1244 1702 1288 371.
1724 1234 1782 1274 D.

343 1310 383 1341 et
404 1301 580 1357 interpp.
602 1301 655 1342 ad
685 1302 812 1357 Soph.
835 1301 940 1342 OEd.
965 1302 1054 1343 Col.
1082 1302 1200 1356 1685.
1261 1302 1390 1342 Recte
1411 1315 1506 1341 vero
1528 1299 1781 1355 Peloponne-

342 1381 432 1408 sum
453 1367 686 1423 intelligunt
702 1367 800 1409 ibid.
822 1381 941 1423 1303.
963 1372 1033 1421 γῆς
1052 1369 1212 1421 ὅσοιπερ
1231 1367 1370 1410 Ἀπίας
1386 1370 1540 1419 Πρῶτοι
1559 1370 1780 1406 καλοῦνται.

340 1433 411 1474 ubi
444 1434 526 1474 vid.
560 1435 774 1489 Musgrav.
805 1435 924 1490 cujus
953 1435 993 1475 in
1024 1446 1121 1476 nota
1156 1450 1230 1489 pro
1259 1435 1446 1475 Arriano
1478 1432 1567 1487 lege
1596 1431 1778 1473 Elaia-no.

342 1500 479 1541 Schol.
504 1502 647 1541 Venet.
669 1501 709 1540 in
734 1500 852 1541 Illad.
876 1505 922 1542 A.
946 1514 1012 1544 22.
1036 1501 1166 1542 ἰστέον
1187 1503 1228 1542 δὲ
1252 1502 1311 1541 ὅτι
1333 1501 1356 1551 ἡ
1378 1501 1686 1550 Πελοπόννησος
1711 1498 1781 1549 τὴν

340 1567 466 1620 ἀρχὴν
486 1566 693 1620 Αἰγιάλεια
714 1568 904 1615 ἐκαλεῖτο,
928 1568 1004 1608 ἀπὸ
1026 1568 1244 1621 Αἰγιαλέως
1263 1571 1330 1608 τοῦ
1348 1569 1432 1608 υἱοῦ
1449 1566 1619 1619 Ἰνάχου,
1641 1570 1709 1606 τοῦ
1736 1567 1781 1606 ἐν

333 1633 476 1687 Ἀργει
512 1638 699 1685 ποταμοῦ,
738 1635 801 1675 καὶ
836 1636 1002 1681 Μελίας,
1038 1637 1103 1685 τῆς
1131 1636 1336 1675 Ὠκεανοῦ.
1385 1635 1550 1685 ὕστερον
1588 1634 1630 1673 δὲ
1661 1631 1781 1673 Ἀπία

340 1701 498 1752 ἐκλήθη,
519 1700 595 1742 ἀπὸ
620 1700 783 1744 ’Ἄπιδος
812 1704 879 1742 τοῦ
909 1701 1134 1753 Φορωνέως,
1156 1704 1224 1741 τοῦ
1244 1701 1352 1743 Διός.
1384 1699 1451 1741 εἶθ’
1477 1701 1595 1742 οὕτως
1617 1698 1780 1752 Ἄργος,

341 1767 417 1809 ἀπὸ
432 1767 583 1821 Ἀργου
603 1771 670 1808 τοῦ
697 1770 908 1809 πανόπτου·
939 1772 1164 1808 τελευταῖον
1194 1769 1236 1808 δὲ
1265 1767 1435 1816 πάντων,
1457 1767 1779 1817 Πελοπόννησος,

340 1834 416 1875 ἀπὸ
438 1837 507 1876 τοῦ
524 1837 710 1887 κρατῆσαι
730 1838 796 1886 τῆς
816 1836 945 1888 χώρας
971 1834 1039 1874 τὸν
1058 1833 1265 1874 Ταντάλου
1291 1832 1375 1874 υἱὸν
1395 1831 1577 1873 Πέλοπα.
1637 1832 1696 1872 Et
1726 1830 1781 1871 sic

337 1900 423 1941 fere
453 1900 734 1956 Apollodorus
765 1913 802 1951 2,
828 1914 863 1951 1,
892 1911 934 1955 5.
995 1902 1145 1941 Noster
1174 1899 1216 1940 in
1249 1898 1394 1955 Suppl.
1430 1907 1523 1953 259.
1560 1907 1600 1939 et
1637 1897 1778 1953 Steph.

339 1966 568 2022 Byzantius
589 1982 625 2006 v.
647 1966 778 2008 Ἀπία.
813 1967 1041 2008 BLOMF.

397 2044 490 2087 257.
527 2034 628 2074 Post
663 2033 773 2074 hunc
806 2048 966 2074 versum
1003 2048 1160 2074 scenam
1191 2031 1422 2089 ingreditur
1452 2031 1777 2088 Clytaemnestra.

339 2100 572 2141 BLOMF.

396 2167 490 2221 258.
526 2168 607 2207 Per
637 2176 763 2208 totam
793 2167 898 2208 hanc
930 2181 1088 2208 scenam
1121 2166 1234 2207 chori
1263 2175 1400 2222 partes
1432 2166 1473 2206 in
1505 2165 1604 2206 Ald.
1641 2166 1776 2205 Turn.

339 2233 485 2288 Steph.
505 2233 590 2274 fere
610 2233 878 2288 adsignantur
895 2234 1090 2289 Ἀγγέλῳ,
1111 2234 1153 2274 in
1170 2233 1477 2275 Robortelliana
1495 2247 1592 2273 vero
1612 2233 1776 2273 Φύλακι.

336 2313 528 2354 personas
548 2309 656 2341 recte
676 2300 862 2342 distinxit
883 2300 1100 2342 Stanleius.
1132 2301 1362 2342 BLOMF.

397 2367 490 2407 261.
512 2366 577 2420 σὺ]
599 2367 641 2407 εὐ
661 2366 760 2408 Ald.
793 2368 835 2409 εὖ
856 2368 978 2408 Farn.

394 2434 473 2474 εἴτε
493 2432 648 2486 κεδνὸν]
675 2435 711 2474 εἴ
727 2450 763 2474 τι
785 2434 922 2474 κεδνὸν
941 2449 1083 2490 margo
1102 2433 1295 2474 Askewii.

397 2500 492 2553 263.
514 2499 643 2539 Hunc
664 2515 824 2540 versum
848 2501 1173 2556 Clytaemnestrae
1193 2500 1382 2541 tribuunt
1402 2500 1468 2542 Fl.
1490 2501 1543 2541 T.
1568 2502 1705 2541 Turn.

397 2566 564 2621 σιγώσῃ]
587 2571 746 2619 σιγῶντι
766 2567 831 2608 Fl.
854 2569 909 2609 T.

395 2634 490 2684 264.
511 2633 672 2674 Nuntio
693 2634 802 2674 hunc
822 2649 985 2675 versum
1005 2634 1194 2676 tribuunt
1215 2635 1282 2674 Fl.
1306 2635 1361 2675 T.

395 2699 490 2751 264.
515 2701 608 2754 265.
640 2699 807 2741 Laudat
837 2701 1028 2742 Eustath.
1057 2701 1109 2742 ad
1135 2700 1254 2742 Iliad.
1276 2704 1321 2742 A.
1344 2716 1385 2756 p.
1410 2712 1477 2750 22,
1498 2713 1565 2755 33.
1589 2699 1659 2740 ubi
1684 2700 1772 2751 ἠώς.

334 2765 430 2807 alibi
452 2781 549 2806 vero
569 2766 737 2807 citatum
759 2767 907 2809 vidisse
927 2768 1094 2810 memini
1114 2768 1196 2812 υἱὸς
1214 2784 1290 2825 pro
1311 2769 1394 2812 ἕως.
1428 2768 1653 2809 BLOMF.

396 2834 490 2874 266.
513 2834 650 2874 πεύσει
671 2835 891 2875 Porsonus.
921 2836 1046 2891 πεύσῃ
1065 2835 1169 2876 libri.

395 2909 487 2952 270.
517 2900 709 2940 Eustath.
731 2901 783 2940 ad
804 2900 886 2941 Od.
908 2905 954 2942 T.
977 2917 1018 2957 p.
1039 2902 1159 2954 1872.
1180 2901 1339 2957 penult.
1368 2902 1460 2942 ὅθεν
1485 2901 1638 2951 λαβών,
1661 2905 1774 2952 φασι,

1950 2375 1962 2529 -..ε-Λε;,,ι’«ιωο.ε.
1952 2305 1962 2370 mus
1952 2220 1962 2290 ‚hazjau
1952 2130 1962 2205 -wdssmn
1950 2083 1951 2087 Α
1954 2045 1962 2074 22.
1956 1983 1957 1986 „
1955 1923 1962 1940 ,μ
