1962 3224
582 183 674 224 AD
703 182 1125 226 AGAMEMNON
1129 184 1239 227 EM.
1564 187 1652 231 397

242 297 366 338 1061.
398 296 610 349 κάρβανος,
629 295 865 338 Barbarus.
910 295 1060 353 Suppl.
1082 309 1133 352 91
1147 308 1181 338 1.
1203 296 1404 350 κάρβανος
1427 297 1484 339 ὢν
1497 296 1654 351 Ἕλλη-

179 381 247 406 σιν
269 365 444 418 ἐγχλίεις
463 364 582 417 ἄγαν.
602 363 706 405 ibid.
727 364 821 406 128.
840 363 1023 417 κάρβανα
1039 362 1071 405 δ’
1089 364 1214 405 αὐδᾶν
1229 364 1419 408 εὖακοεῖς.
1453 366 1653 408 Eustath.

179 432 232 473 ad
255 432 379 473 Iliad.
400 436 446 473 B.
481 447 519 487 p.
542 432 642 488 368,
665 434 734 488 36.
756 447 809 473 ex
831 431 948 473 AElio
969 431 1175 488 Dionysio
1200 443 1402 473 memorat
1431 432 1655 485 καρβάνους

179 511 220 543 et
253 502 461 555 κάρδακας,
492 516 590 557 quae
623 500 792 542 nomina
831 515 856 541 a
891 499 977 553 Κάρ
1009 500 1308 557 profluxerant.
1361 502 1551 558 Etymol.
1586 503 1654 544 M.

179 585 222 626 p.
243 581 345 623 490,
366 580 437 622 47.
461 571 682 621 Καρβᾶνες.
715 569 753 609 οἱ
772 567 990 620 βάρβαροι,
1013 569 1051 609 οἱ
1082 568 1244 622 ἔχοντες
1266 569 1396 622 Καρὸς
1414 570 1533 622 βοήν.
1577 574 1653 613 Λυ-

180 635 339 690 κόφρων
361 637 501 692 (605.)
525 635 743 689 Κάρβανον
766 637 905 690 ὄχλον.
961 635 1079 676 Idem
1114 636 1384 692 Lycophron.
1411 638 1533 693 1387.
1561 656 1653 691 νυμ-

178 706 276 753 φεῖα
293 704 392 758 πρὸς
422 706 607 757 κηλωστὰ
632 702 844 758 καρβάνων
864 708 1012 746 τελεῖν.
1062 704 1256 756 Photiu5‚
1273 708 1529 758 Καρβανίζει.
1549 711 1651 760 βαρ-

177 774 346 826 βαρίζει.
379 773 614 814 BLOMF.
1076 771 1083 776 ⁴

235 842 350 896 χερί]
394 840 639 882 Meminerit
678 839 821 889 lector,
857 839 989 895 ipsam
1027 839 1409 895 Clytaemnestram,
1443 842 1546 883 dum
1579 843 1654 884 has

178 924 299 950 voces
332 909 507 965 profert,
539 923 666 949 manu
698 907 863 963 signum
894 906 1016 948 dare:
1049 906 1170 948 aliter
1199 907 1380 950 absurde
1411 909 1580 958 diceret,
1613 913 1653 952 si

179 990 270 1017 mea
291 977 416 1018 verba
434 991 519 1017 non
540 976 765 1032 intelligis,
787 989 934 1022 manu,
952 990 1034 1031 pro
1055 989 1163 1025 voce,
1179 977 1409 1032 significes.
1442 979 1484 1018 H
1490 978 1650 1021 erodot.

176 1057 218 1095 4,
243 1057 335 1100 113.
367 1043 433 1085 καὶ
458 1046 642 1097 φωνῆσαι
667 1044 742 1094 μὲν
762 1042 832 1083 οὐκ
860 1042 957 1096 εἶχε,
988 1043 1034 1084 οὐ
1058 1045 1134 1096 γὰρ
1156 1045 1351 1087 συνίεσαν
1377 1046 1582 1099 ἀλλήλων,
1604 1051 1652 1101 τῇ

178 1113 221 1153 δὲ
241 1113 345 1166 χειρὶ
365 1112 523 1166 ἔφραζε.
556 1111 793 1152 BLOMF.

241 1181 363 1233 1067.
394 1180 469 1221 Ab
488 1179 568 1220 hoc
588 1193 710 1220 versu
742 1193 888 1219 rursus
917 1176 1121 1234 incipiunt
1154 1179 1219 1219 M.
1244 1180 1390 1223 Guelf.
1412 1182 1516 1226 Ald.
1538 1184 1648 1226 Rob.

183 1247 321 1287 Turn.

236 1314 538 1368 ἐξαφρίζεσθαι]
558 1315 840 1371 Despumare.
883 1314 1018 1356 Schol.
1042 1315 1120 1356 ἀπὸ
1150 1320 1228 1357 τῶν
1254 1320 1528 1371 στρηνιῶντων
1557 1322 1653 1363 ὑπο-

179 1381 333 1434 ζυγίων,
356 1382 382 1423 ἃ
401 1381 471 1422 οὐκ
492 1383 649 1423 εἴκοντα
668 1385 721 1438 τῷ
742 1385 912 1438 χαλινῷ,
935 1383 1089 1436 ἀφρίζει
1107 1385 1207 1434 μετὰ
1228 1386 1401 1437 αἵματος.
1443 1389 1651 1431 Stanleius

177 1447 321 1490 laudat
343 1448 489 1505 Virgil.
512 1450 569 1491 G.
589 1463 632 1505 3,
658 1463 752 1505 203.
774 1465 948 1505 spumas
968 1453 1066 1507 agit
1085 1465 1155 1492 ore
1174 1460 1385 1496 cruentas.
1415 1456 1649 1499 BLOMF.

179 1517 221 1567 ἐξ
242 1517 478 1570 ἆφρίζεσθαι
494 1517 598 1559 Ald.

236 1584 450 1637 αἱματηρὸν
481 1586 760 1638 ἐξαφρίζεσθαι
787 1585 923 1641 μένος]
959 1586 1094 1628 Haud
1122 1586 1299 1628 obscure
1328 1589 1651 1646 Clytaemnestra

177 1652 398 1693 instantem
436 1652 682 1694 Cassandrae
713 1653 868 1694 caedem
906 1654 1064 1710 tangit;
1112 1656 1419 1711 comparatione
1453 1659 1507 1700 ab
1539 1676 1650 1716 equo

176 1719 367 1761 ferociori
398 1730 549 1771 sumta,
568 1719 641 1776 qui
672 1720 827 1777 lupatis
856 1720 983 1762 frenis
1012 1721 1264 1763 coercendus
1284 1734 1360 1775 est,
1387 1725 1445 1767 ita
1476 1738 1523 1769 ut
1553 1743 1648 1770 cum

179 1803 327 1844 spuma
347 1787 516 1844 sanguis
536 1788 659 1829 etiam
681 1803 733 1829 ex
754 1804 826 1829 ore
846 1799 1059 1844 sequatur.
1092 1790 1226 1831 SCH.

240 1855 364 1896 1068.
384 1854 514 1909 πλέω]
540 1855 670 1896 Plura
691 1856 833 1897 verba.

236 1922 547 1978 ἀτιμωθήσομαι]
575 1922 893 1975 ἀτιμασθήσομαι
914 1925 969 1965 Τ.
994 1925 1141 1981 Steph.
1176 1926 1513 1980 ἀτιμεστρήσομαι
1534 1931 1647 1973 Rob.

241 2001 363 2043 1071.
396 1989 540 2031 εἴκουσ’
565 1990 815 2046 Sophianus.
859 1991 988 2033 ἕκουσ’
1020 1991 1128 2034 libri.
1180 1994 1310 2034 ἑκοῦσ’
1341 2011 1392 2036 ex
1425 1997 1492 2038 M.
1522 2013 1650 2040 anno-

179 2067 327 2098 tatum.

237 2125 419 2165 καίνισον
437 2125 572 2180 ζυγόν]
593 2125 937 2181 Novumjugum
959 2126 1121 2167 toleres.

241 2203 574 2248 1072—1075=
590 2193 884 2246 1076—1079.

240 2273 255 2300 1
264 2259 575 2313 080—1084=
587 2274 603 2301 1
612 2261 882 2315 085—1089.

240 2342 573 2384 1090—-1094=
586 2341 692 2383 1095
703 2348 746 2366 =
760 2341 884 2381 1099.

241 2398 601 2438 1100—1106=1
618 2408 884 2451 107—1113.

241 2476 884 2520 1114—1124=1125—1135.

242 2532 886 2587 1136—1145=1146—1155.

241 2600 884 2653 1156-1166=1167—1177.

243 2677 363 2719 1072.
399 2666 522 2719 1076.
557 2667 800 2721 ὀτοτοτοτοῖ]
834 2667 1011 2708 ὀτοτοτοῖ
1042 2666 1108 2710 Fl.
1161 2666 1435 2709 Scn'bendum
1471 2671 1653 2713 ὀτοτοτοῖ

179 2747 276 2775 cum
297 2734 354 2775 T.

242 2812 367 2855 1072.
404 2801 527 2855 1076.
554 2800 691 2855 ποποῖ]
724 2805 835 2842 τοτοῖ
863 2801 1126 2843 scribendum
1158 2816 1246 2843 esse
1272 2802 1417 2844 monui
1446 2803 1500 2845 ad
1531 2805 1649 2848 Pers.

179 2879 278 2922 550-
