1962 3224
361 182 446 222 484
834 184 1327 226 ANNOTATIONES

359 291 504 342 ficatio,
525 291 720 348 scriptum
742 293 955 348 oportebat
975 295 1249 337 ὀπισθόποδας.
1310 294 1458 336 Redde
1474 310 1572 350 ergo
1589 308 1792 337 reversus.

362 358 545 414 Hesych.
580 358 633 399 ad
673 359 782 400 hunc
817 359 953 415 ipsum
993 360 1161 402 fortasse
1194 360 1350 402 locum:
1387 361 1664 412 Ὀπισθόπους,
1697 363 1790 403 ὑπο·

362 426 551 479 στρέψας.
582 427 884 468 ABRESCH.

416 494 556 534 τούσδε
577 494 638 534 καὶ
657 492 938 548 ξυνεμπόρους]
963 494 1016 534 Id
1037 504 1097 535 est
1115 494 1177 534 καὶ
1196 494 1335 535 τούσδε
1355 497 1625 546 ξυνεμπόρους,
1639 493 1691 534 de
1710 508 1794 549 qua

360 559 622 601 collocatione
643 562 708 601 καί
724 561 934 616 particulae
955 560 1040 602 dixi
1060 560 1112 601 ad
1134 560 1350 617 Aristoph.
1373 560 1555 601 Acharn.
1573 560 1669 610 884.

418 638 511 681 714.
533 629 724 682 δώμασιν]
749 629 927 679 σώμασιν
949 630 1008 669 Η.
1026 627 1201 668 Vossius.
1332 679 1336 683 .

418 705 512 748 715.
550 696 750 750 ὑπευθύνῳ
790 696 926 736 Turn.
968 694 1110 750 steph.
1162 695 1356 748 ἐπευθύνῳ
1395 693 1458 734 vel
1493 693 1688 734 ἐπευθύνω
1723 693 1792 734 Μ.

361 761 503 802 Guelf.
524 762 634 802 Rob.
656 761 713 802 ἐπ’
737 763 882 803 εὐθύνω
900 761 1002 802 Ald.
1053 762 1105 801 In
1136 761 1202 800 M.
1231 760 1287 815 gl.
1315 770 1376 801 est
1404 761 1569 815 ὑποδίκῳ
1598 771 1638 800 et
1667 759 1793 800 schol.

360 829 616 878 συμβουλεύω
637 845 701 869 σοι
721 831 840 869 ταῦτα
868 827 1062 880 πράσσειν
1082 828 1132 870 ὡς
1152 828 1317 868 δώσοντι
1337 827 1458 876 δίκην,
1479 826 1528 877 ἥν
1556 843 1593 867 τι
1621 829 1726 878 παρὰ
1749 826 1793 868 τὸ

359 892 449 934 δέον
468 893 642 944 ποιήσῃς.

417 969 438 1012 7
450 973 464 999 1
474 960 511 1002 8.
524 961 854 1011 βουλευσόμεσθα
867 960 1113 1016 Stephanus.
1145 961 1444 1012 βουλευόμεσθα
1457 958 1564 1008 libri,
1577 958 1688 1014 quod
1700 963 1794 1010 βου-

359 1027 553 1078 λευόμεθα
572 1026 768 1083 scriptum
793 1027 833 1067 in
857 1028 921 1067 M.
945 1027 1088 1068 Guelf.
1111 1027 1211 1069 Ald.
1234 1027 1344 1069 Rob.

417 1103 511 1147 719.
534 1093 633 1150 εἶεν]
659 1096 693 1135 εἰ
715 1095 758 1135 ἐν
780 1094 921 1135 Guelf.
942 1093 1042 1135 Ald.
1066 1095 1175 1136 Rob.

415 1161 545 1212 φίλιαι
565 1160 784 1201 Heathius.
815 1162 929 1215 φιλίᾳ
949 1160 1012 1201 vel
1033 1162 1148 1214 φιλία
1169 1161 1236 1201 Μ.
1255 1159 1396 1202 Guelf.
1415 1159 1517 1200 Ald.
1540 1159 1649 1201 Rob.
1679 1161 1794 1213 φίλαι

361 1227 496 1268 Turn.
521 1227 663 1282 Steph.

418 1304 512 1347 720.
561 1294 763 1345 στομάτων
801 1295 917 1348 ἰσχὺν
954 1309 1093 1350 preces
1128 1294 1226 1335 dicit
1263 1294 1346 1335 alta
1377 1309 1473 1335 voce
1509 1293 1604 1349 (pro
1638 1294 1795 1335 Orestis

360 1360 505 1415 salute)
528 1361 825 1417 pronuntiatas.
857 1362 985 1402 SCH.

417 1431 511 1481 726.
529 1429 671 1469 ,δολίαν
692 1427 895 1469 Pauwius.
928 1429 1041 1469 δολία
1060 1427 1164 1468 libri.

417 1506 509 1549 727.
532 1494 585 1550 δ’]
608 1494 643 1547 γ’
667 1495 774 1536 Rob.

414 1561 562 1614 Ἑρμῆν
584 1562 719 1603 Turn.
742 1561 884 1617 Steph.
913 1560 1063 1614 Ἑρμῆα
1083 1561 1151 1602 Μ.
1175 1561 1315 1602 Guelf.
1336 1560 1436 1602 Ald.
1459 1560 1566 1601 Rob.

415 1629 576 1682 χθόνιον
596 1629 629 1669 δ’
648 1627 795 1681 Ἑρμῆν
816 1630 877 1670 καὶ
897 1629 966 1669 τὸν
985 1630 1120 1683 νύχιον
1139 1627 1259 1671 τοῖσδ’
1276 1627 1502 1682 ἐφοδεῦσαι]
1525 1626 1648 1668 Adeo
1666 1627 1793 1667 mani-

359 1695 462 1736 festa
482 1695 546 1736 hic
577 1705 672 1736 sunt
697 1695 1076 1751 interpretationum
1106 1695 1267 1745 indicia,
1283 1704 1330 1736 ut
1357 1710 1407 1735 ne
1427 1694 1606 1736 dubitari
1626 1694 1794 1750 quidem

357 1777 475 1817 posse
510 1772 652 1817 putem
687 1762 787 1817 quin
821 1762 879 1802 ita
916 1762 1118 1818 scripserit
1153 1761 1392 1818 AEschylus,
1425 1765 1494 1803 νῦν
1530 1764 1605 1815 γὰρ
1638 1762 1795 1815 ἀκμάζει

359 1831 490 1871 Πειθὼ
521 1830 657 1871 δολίαν
681 1829 689 1884 Ι
714 1828 1016 1882 ξυγκαταβῆναι,
1049 1831 1185 1884 νύχιον
1214 1831 1248 1871 θ’
1269 1829 1417 1882 Ἑρμῆν
1442 1830 1448 1886 Ι
1473 1829 1600 1871 τούσδ’
1630 1831 1791 1882 ἐφοδεῦ-

359 1913 428 1938 σαι
457 1895 773 1949 ξιφοδηλήτοισιν
802 1897 964 1949 ἆγῶσιν.
1024 1897 1171 1950 Νύχιος
1190 1896 1296 1937 enim
1316 1896 1422 1937 idem
1443 1906 1504 1939 est
1523 1897 1635 1953 quod
1664 1896 1795 1953 magis

359 1963 554 2005 usitatum
576 1964 747 2017 χθόνιος,
769 1972 815 2004 ut
836 1964 1025 2017 ἐννυχίων
1044 1978 1119 2018 pro
1137 1964 1307 2017 χθονίων
1319 1972 1361 2004 et
1381 1964 1546 2017 ἔννυχον
1557 1962 1698 2005 ’Ἅιδαν
1717 1978 1794 2019 pro

358 2031 522 2085 χθόνιον
541 2029 646 2070 dixit
675 2029 895 2086 Sophocles
915 2029 1060 2086 OEdip.
1082 2030 1171 2072 Col.
1199 2031 1315 2086 1556.
1338 2030 1493 2072 Trach.
1514 2043 1612 2085 501.
1641 2032 1793 2072 HER-
1841 2028 1843 2031 ’

361 2098 561 2139 ΜΑΝΝ.
578 2098 732 2152 Opusc.
754 2096 830 2137 vol.
857 2110 891 2137 1.
921 2112 961 2152 p.
988 2110 1004 2137 1
1017 2108 1078 2152 15.
1100 2099 1234 2151 νύχιον
1252 2095 1412 2150 Ἑρμῆν,
1434 2098 1533 2154 quia
1550 2113 1632 2139 non
1651 2107 1793 2155 aperte

358 2179 443 2205 rem
473 2164 685 2219 gerebant,
707 2163 777 2204 sed
802 2163 898 2205 dolo
920 2173 961 2204 et
987 2164 1242 2205 simulatione
1260 2164 1376 2220 quasi
1403 2165 1579 2206 tenebris
1606 2164 1791 2217 involuti,

358 2231 454 2272 ideo
471 2231 620 2272 dicitur
639 2246 707 2271 eos
733 2231 864 2284 νύχιος
891 2229 1035 2283 Ἑρμῆς
1063 2231 1292 2273 immittere.
1353 2231 1590 2273 Illustratur
1608 2232 1649 2274 h.
1671 2232 1697 2273 l.
1720 2234 1793 2274 So-

358 2296 531 2353 phocleo
563 2296 632 2337 ΕΙ.
660 2312 700 2338 ν.
732 2310 851 2351 1391.
878 2312 965 2352 sqq.
995 2296 1046 2338 ‘0
1077 2298 1208 2341 Μαίας
1236 2299 1279 2338 δὲ
1307 2301 1398 2341 παῖς
1419 2296 1562 2351 Ἑρμῆς
1591 2297 1659 2352 σφ’
1687 2299 1788 2352 ἄγει,

360 2365 480 2404 δόλον
499 2364 624 2418 σκότῳ
646 2364 794 2416 κρύψας
813 2362 910 2416 πρὸς
929 2363 1021 2404 αὐτὸ
1040 2363 1173 2417 τέρμα.
1206 2365 1336 2405 SCH.
1396 2365 1586 2407 Fortasse
1615 2364 1791 2407 scriben-

360 2430 460 2471 dum
491 2438 565 2478 est,
597 2427 759 2483 χθόνιόν
797 2428 830 2470 θ’
863 2429 1010 2482 Ἑρμῆν
1042 2430 1175 2482 καιρὸν
1207 2431 1341 2484 νύχιον
1371 2431 1489 2472 τοῖσδ’
1522 2433 1790 2484 ἐφοδῶσαι--.

360 2498 491 2553 Optat
511 2497 659 2537 chorus
689 2507 735 2537 ut
756 2495 990 2537 Mercurius
1013 2496 1360 2552 opportunitatem
1390 2507 1630 2540 nocturnam
1661 2508 1791 2540 certa-

361 2564 479 2604 minis
498 2563 692 2612 adducat,
714 2562 766 2604 of.
788 2578 825 2603 v.
847 2564 942 2614 817.
964 2563 1057 2604 881.
1090 2563 1234 2604 Caedes
1249 2564 1354 2605 enim
1377 2574 1499 2607 noctu
1519 2575 1790 2622 perpetratur.

362 2631 768 2671 BAMBERGER.
788 2629 830 2670 in
851 2629 1170 2670 Zimmermanni
1190 2630 1334 2671 Diario
1351 2646 1388 2671 a.
1414 2632 1531 2686 1836.
1554 2647 1596 2688 p.
1617 2633 1717 2686 566.

419 2708 513 2751 729.
532 2697 869 2752 ξιφοδηλήτοισιν]
891 2697 1193 2750 ξιφοδημήτῃσιν
1214 2698 1353 2740 Guelf.
1374 2698 1475 2740 Ald.
1523 2698 1789 2752 ξιφοδημήτοι-

361 2780 426 2805 σιν
447 2764 582 2805 Turn.

419 2841 514 2885 730.
537 2830 700 2872 Οἷκέτου
720 2845 891 2885 persona
911 2830 1005 2872 huic
1026 2831 1158 2872 versui
1179 2831 1347 2873 inlibris
1366 2832 1605 2888 praefigitur.
1651 2832 1790 2875 Choro

361 2892 624 2935 tribuendum
645 2895 747 2936 vidit
768 2895 1050 2951 Tyrwhittus;
1082 2905 1121 2937 et
1141 2896 1196 2938 sic
1217 2896 1451 2938 scholiasta:
1481 2896 1600 2950 Ἀνὴρ
1615 2899 1636 2939 ὁ
1656 2898 1787 2949 ξένοςῑ
