1962 3224
366 190 450 236 396
839 198 1330 242 ANNOTATIONES

366 315 534 356 goreum
557 303 636 344 fuit
655 305 842 358 χελιδόνα
859 307 911 358 μὴ
932 307 1194 362 εἰσδέχεσθαι,
1214 309 1325 364 quod
1354 309 1525 350 Proclus
1553 309 1594 349 in
1626 308 1799 349 Hesiod.

366 382 406 423 p.
439 370 530 409 160.
561 369 619 410 ita
648 371 847 426 explicat3
878 374 1075 427 φλυαροὺς
1107 374 1159 426 μὴ
1189 374 1363 428 εἰσάγειν
1395 377 1449 418 εἷς
1482 376 1551 416 τὸν
1585 374 1704 423 οἶκον,
1738 374 1800 414 καὶ

363 434 523 478 λάλους.
568 436 782 493 Aristoph.
805 440 911 480 Ran.
933 453 1002 494 93.
1030 456 1078 480 ex
1111 441 1324 497 Euripidis
1351 441 1561 490 Alcmena‚
1583 439 1799 495 χελιδόνων

362 507 538 551 μουσεῖα.
574 513 614 543 et
649 505 743 557 678.
777 505 1042 561 Cleophontis
1071 507 1287 549 dictionem
1320 508 1573 564 peregrinam
1604 506 1795 563 perstrin-

360 583 474 623 genS,
504 569 564 622 ἐφ’
596 572 640 611 οὗ
670 571 714 621 δὴ
743 574 922 625 χείλεσιν
951 573 1188 625 ἀμφιλάλοις
1217 575 1344 615 δεινὸν
1375 575 1623 627 ἐπιβρέμεται
1644 574 1796 629 Θρῃκία

360 637 528 688 χελιδὼν
550 638 611 678 ἐπὶ
630 637 837 690 βάρβαρον
858 639 1015 690 ἑζομένη
1039 640 1223 681 πέταλον·
1257 641 1327 681 ubi
1355 642 1436 682 vid.
1458 641 1637 682 Brunek.
1661 642 1795 680 Hero-

354 701 438 743 dot.
462 715 501 751 2,
523 714 591 757 57.
622 707 661 745 αἱ
691 710 882 757 γυναῖκες,
904 705 1000 746 διότι
1027 705 1225 759 βάρβαροι
1253 708 1369 759 ἦσαν,
1402 707 1557 749 ἐδόκεόν
1580 713 1653 760 σφι
1680 709 1793 758 ὅμοια

358 769 485 820 ὄρνισι
504 770 758 823 φθέγγεσθαι.
794 773 1019 813 BLOMF.

418 848 540 888 1052.
574 837 652 877 ἔσω
675 838 787 890 (εἵσω
809 837 1094 890 Blomfieldus)
1118 843 1272 890 φρενῶν
1291 839 1466 891 λέγουσα
1484 840 1619 894 πείθω]
1642 841 1792 880 Versus

355 911 587 955 corruptus.
618 901 807 954 λέγουσα,
844 903 956 944 πεῖθέ
987 920 1047 944 νιν
1076 906 1182 958 λόγῳ
1218 905 1438 946 Elmsleius
1469 905 1508 945 in
1540 905 1789 960 Edinburgh

358 964 525 1004 Review
546 967 624 1007 vol.
650 979 712 1019 19.
733 982 773 1021 p.
796 968 862 1007 81.

415 1042 535 1084 1053.
558 1034 605 1072 τὰ
625 1035 761 1086 λῷστα
780 1037 856 1074 τῶν
876 1035 1149 1086 παρεστώτων.
1198 1036 1363 1090 Optima
1383 1049 1521 1075 eorum
1540 1050 1635 1091 quae
1654 1037 1699 1075 in
1719 1036 1791 1076 Ῐιοε

353 1111 493 1137 rerum
513 1104 624 1138 statu
638 1100 745 1153 fieri
768 1107 958 1154 possunt.
1009 1100 1218 1141 Prometh.
1244 1113 1339 1152 224.
1363 1101 1546 1153 κράτιστα
1566 1101 1611 1152 δή
1629 1119 1694 1153 μοι
1713 1106 1789 1142 τῶν

351 1165 608 1216 παρεστώτων
629 1167 713 1206 τότε
732 1165 932 1218 Ἐφαίνετ’
956 1166 1066 1207 εἶναι.
1101 1167 1326 1207 BLOMF.

412 1244 534 1285 1054.
566 1233 716 1286 πείθου]
758 1233 1017 1273 Probabilius
1055 1245 1116 1274 est
1152 1237 1279 1281 πιθοῦ,
1320 1234 1431 1289 quod
1471 1234 1606 1289 posuit
1647 1234 1786 1275 Blom-

349 1296 507 1338 fieldus.

410 1377 533 1418 1055.
555 1366 734 1419 θυραίαν]
758 1367 894 1419 θυραίᾳ
915 1366 1090 1406 Casaub.
1141 1366 1221 1406 Sed
1251 1376 1358 1408 reete
1379 1382 1420 1407 se
1448 1366 1572 1408 habet
1591 1369 1786 1410 accusati-

349 1445 435 1481 vuS,
473 1431 556 1472 sive
589 1431 641 1471 ad
678 1431 943 1482 Casandram,
978 1431 1060 1472 sive
1091 1432 1143 1472 ad
1181 1432 1535 1488 Clytaemnestram
1572 1434 1786 1476 referatur.

349 1496 560 1538 Prometh.
596 1510 687 1550 224.
723 1499 908 1549 κρατίστα
935 1497 980 1548 δή
999 1515 1064 1549 μοι
1088 1502 1164 1538 τῶν
1189 1499 1448 1551 παρεστώτων
1473 1501 1562 1540 τότε
1586 1499 1785 1552 Ἐφαίνετ’

350 1561 461 1613 εἶναι,
478 1564 762 1615 προσλαβόντα
780 1563 993 1616 μητέρα--.
1023 1564 1209 1620 Choeph.
1223 1565 1321 1615 408.
1342 1564 1537 1605 πέπαλται
1557 1565 1588 1606 δ’
1611 1566 1703 1606 αὖτέ
1721 1584 1786 1618 μοι

348 1631 469 1681 φίλον
487 1633 567 1682 κῆρ,
590 1630 702 1670 τόνδε
723 1631 918 1670 κλύουσαν
938 1630 1079 1672 οἶκτον.
1108 1631 1202 1672 Vid.
1226 1630 1408 1671 Brunck.
1431 1631 1482 1671 ad
1506 1632 1695 1687 Sophocl.
1716 1633 1784 1673 ΕΙ.

346 1707 445 1750 479.
478 1698 641 1752 Musgr.
662 1697 713 1737 ad
746 1698 893 1752 Eurip.
926 1697 1044 1738 Med.
1064 1699 1132 1752 58.
1165 1697 1310 1738 Elmsl.
1332 1697 1383 1738 ad
1416 1697 1520 1738 OEd.
1540 1699 1593 1738 T.
1616 1712 1711 1752 913.
1744 1709 1786 1739 et

346 1763 397 1803 ad
421 1764 587 1804 Heracl.
610 1766 705 1818 693.
757 1764 990 1804 Fatendum
1014 1774 1147 1805 tamen
1169 1773 1229 1804 est
1248 1763 1521 1804 accusativum
1543 1764 1583 1803 in
1606 1764 1667 1804 his
1686 1764 1784 1806 locis

345 1830 471 1871 verbo
500 1830 715 1886 postponi;
748 1846 875 1886 quare
905 1832 1064 1883 θυραίαν
1098 1831 1149 1870 ad
1187 1830 1437 1871 Casandram
1468 1830 1574 1870 forte
1608 1830 1783 1871 referen-

345 1895 459 1937 dum.
516 1896 623 1937 Olim
647 1895 880 1952 suspicabar
897 1896 1131 1951 legendum,
1149 1897 1253 1937 οὔτοι
1273 1897 1433 1948 θυραίαν
1452 1895 1528 1946 τῇδ’
1552 1896 1637 1947 ἐμοὶ
1656 1898 1783 1950 σχολὴ

345 1961 450 2013 πάρα
468 1963 781 2019 Τρίβειν.-τῇδ’
802 1963 920 2003 etiam
944 1962 1226 2018 Musgravius.
1250 1963 1478 2002 BLOMF.
1513 1962 1781 2004 Scribendum

345 2027 424 2083 τῇδ’
441 2043 534 2069 cum
557 2029 802 2084 Musgravio
817 2039 857 2070 et
877 2030 1038 2081 θυραίαν
1058 2029 1108 2069 de
1126 2030 1439 2084 Clytaemnestra
1458 2028 1780 2083 intelligendum.

346 2095 413 2134 De
435 2096 644 2136 Casandra
663 2095 693 2135 si
715 2095 926 2151 accipitur,
946 2095 1129 2151 ineptum
1153 2096 1199 2135 fit
1219 2095 1387 2136 verbum
1410 2097 1571 2147 τρίβειν.

406 2164 526 2215 1056.
548 2163 660 2203 ἑστία
674 2162 950 2217 μεσόμφαλος]
972 2163 1016 2202 F
1012 2176 1106 2202 ocus
1122 2163 1254 2202 media
1272 2162 1387 2202 domo
1400 2176 1605 2203 accensus.
1637 2164 1781 2205 Innuit

344 2242 454 2268 aram
490 2228 586 2270 Διὸς
613 2227 803 2280 Ἑρκείου.
855 2228 989 2269 Schol.
1017 2230 1158 2269 Venet.
1190 2228 1230 2268 in
1269 2228 1389 2269 Iliad.
1420 2232 1475 2268 Π.
1499 2240 1591 2282 231.
1621 2230 1705 2270 ἐπεὶ
1738 2232 1783 2271 ἐν

345 2295 453 2349 μέσῳ
483 2299 550 2335 τοῦ
579 2296 684 2335 οἴκου
713 2294 888 2346 Ἑρκείου
910 2295 1006 2337 Διὸς
1027 2294 1160 2345 βωμὸς
1190 2296 1350 2346 ἵδρυται,
1370 2299 1598 2346 μεσερκεῖον
1619 2299 1782 2337 καλοῦσι

343 2361 414 2402 τὸν
444 2362 537 2401 Δία.
589 2361 896 2416 Neoptolemus,
926 2370 1027 2400 teste
1055 2360 1230 2401 Arctino
1260 2359 1372 2413 apud
1400 2361 1591 2400 Proclum
1618 2375 1658 2415 p.
1679 2362 1777 2413 484.

344 2429 562 2470 ἀποκτείνει
592 2429 784 2479 Πρίαμον,
818 2428 880 2468 ε’πὶ
909 2431 976 2467 τοῦ
1010 2427 1106 2469 Διὸς
1135 2431 1202 2467 τοῦ
1235 2425 1411 2479 Ἑρκείου
1440 2426 1576 2478 βωμὸν
1607 2434 1778 2481 καταφυ-

342 2496 475 2548 γόντα.
499 2498 558 2546 (et
578 2494 632 2534 sic
652 2493 801 2548 Eurip.
823 2495 923 2533 Tro.
950 2494 1037 2546 16.)
1084 2494 1190 2533 Haec
1219 2502 1354 2534 autem
1386 2507 1466 2542 ara,
1493 2492 1627 2548 inquit
1646 2493 1776 2549 Vix-gi-

341 2561 421 2602 lius
451 2561 549 2601 AEn.
574 2572 612 2609 2,
639 2572 736 2613 512.
761 2559 942 2600 AEdibus
967 2558 1009 2599 in
1037 2558 1178 2599 mediis
1203 2562 1391 2613 nudoque
1408 2559 1483 2599 sub
1510 2559 1672 2599 aetlaerz's
1699 2574 1778 2600 axe

341 2630 502 2685 Ingens·
521 2640 600 2667 ara
601 2627 716 2681 ficit.
756 2624 850 2666 Vid.
874 2624 1105 2666 Schneider.
1128 2624 1330 2680 Epimetr.
1351 2624 1403 2669 ad
1427 2625 1624 2680 Xenoph.
1646 2626 1776 2667 Mem.

339 2712 382 2753 p.
407 2706 502 2749 274.
524 2693 647 2735 Ovid.
671 2691 844 2733 Heroid.
871 2702 909 2745 7,
934 2704 994 2745 13.
1021 2691 1177 2731 Occidit
1196 2692 1382 2731 internas
1401 2692 1554 2746 cory‘uoe
1573 2698 1777 2733 mactatu-9

337 2764 394 2804 ad
413 2776 525 2803 aras.
558 2759 627 2801 ubi
649 2760 701 2799 N.
725 2757 922 2799 Heinsius
940 2758 1037 2798 citat
1067 2771 1117 2797 ex
1149 2756 1270 2798 Ibide
1288 2757 1340 2797 de
1367 2757 1547 2807 Priamo,
1571 2759 1653 2800 Cui
1672 2759 1781 2799 nihil

337 2831 490 2871 Herce‘z'
504 2827 670 2883 prsficit
688 2839 767 2865 ara
785 2825 918 2866 «lovis.
965 2825 1157 2864 Ceterum
1180 2838 1298 2864 voces
1316 2824 1574 2875 μεσόμφαλος
1594 2826 1704 2865 ἑστία
1723 2824 1775 2865 de

336 2911 406 2937 ara
425 2893 626 2948 Delphica
647 2891 783 2947 posuit
803 2889 1026 2945 Euripides
1048 2891 1257 2940 Ion.1462.
1290 2888 1518 2930 BLOMF.
