1962 3224
417 202 503 242 512
893 204 1383 246 ANNOTATIONES

480 324 599 367 1032.
620 313 780 366 παρέντι
793 315 929 356 Turn
947 315 1088 370 Steph.
1114 315 1288 367 παρέντα
1308 316 1372 357 Μ.
1386 316 1494 357 Rob.
1526 317 1700 382 παρόντα
1713 317 1852 359 Guelf.

417 378 517 419 Ald
549 379 978 432 πράξαντα-παρέντα
997 382 1163 431 Portus,
1184 381 1300 424 male.

478 458 598 500 1033.
619 445 733 500 τόξῳ]
754 445 878 496 τόξων
900 447 1040 488 Guelf.
1064 447 1166 488 Ald.

475 513 559 553 Pro
579 513 748 567 vulgato
766 514 1002 565 προσίξεται,
1025 514 1137 569 quod
1162 527 1254 554 cum
1284 513 1462 568 genitivo
1481 515 1746 570 conjunctum
1775 514 1854 556 dis-

416 578 553 634 plicet,
578 579 796 620 Schutzius
828 580 1014 632 ἐφίξεται.
1076 580 1228 622 Scribae
1259 580 1424 621 oculum
1455 581 1599 622 fefellit
1623 582 1855 634 προσίξομαι

416 645 458 686 in
476 661 513 686 v.
532 657 651 700 1035.
685 645 866 700 Hesych.
888 644 1155 698 Ἐφικνεῖται;
1190 647 1496 698 καταλαμβάνει.
1525 647 1849 700 Ἐφικνούμενοςε

418 715 532 752 νοῶν.
574 713 680 752 Cum
701 711 882 767 genitivo
901 713 1162 755 construitur.
1202 713 1454 768 Adpositum
1477 723 1537 754 est
1557 713 1669 769 quod
1689 729 1739 754 ex
1762 715 1851 755 Iso-

416 786 525 818 crate
553 777 650 818 citat
675 779 734 819 H.
757 777 990 832 Stephanus
1018 778 1059 818 in
1081 778 1298 819 Thesauro
1318 779 1396 819 vol.
1422 793 1456 820 1.
1487 794 1528 834 p.
1550 780 1670 830 1684.
1692 781 1745 821 E.
1765 781 1854 822 τότε

415 845 489 895 μὲν
514 846 590 896 γὰρ
619 843 726 898 ᾤμην
753 844 865 894 ἀξίως
885 843 1121 894 δυνήσεσθαι
1149 846 1237 896 περὶ
1263 848 1339 885 τῶν
1358 844 1594 898 πραγμάτων
1615 847 1750 887 εἰπεῖν·
1783 849 1854 888 νῦν

418 911 458 951 δὲ
489 910 557 950 οὐκ
587 911 816 962 ἐφικνοῦμαι
844 912 912 950 τοῦ
935 910 1124 962 μεγέθους
1143 911 1280 957 αὐτῶν,
1303 912 1409 951 ἀλλὰ
1427 911 1560 951 πολλά
1578 927 1627 962 με
1647 911 1854 965 διαπέφευ-

416 993 488 1029 γεν
508 978 562 1017 ὧν
582 977 796 1028 διενοήθην.
827 985 868 1017 et
896 976 1110 1018 Demosth.
1131 977 1233 1019 ὅλως
1253 977 1295 1017 δὲ
1313 975 1390 1018 οὐδ’
1412 976 1461 1017 ἂν
1485 977 1539 1020 εἷς
1568 977 1773 1030 ἐφικέσθαι
1801 979 1853 1034 τῷ

416 1045 523 1098 λόγῳ
544 1044 698 1084 δύναιτο
718 1047 795 1084 τῶν
816 1045 898 1084 ἐκεῖ
916 1047 1041 1084 κακῶν
1061 1044 1198 1084 ὄντων.
1253 1044 1446 1084 Ceterum
1466 1045 1561 1098 τόξῳ
1581 1043 1854 1099 metaphorice

418 1109 566 1164 posuit,
590 1109 694 1150 sicut
722 1109 763 1150 in
791 1111 943 1165 Agam.
966 1111 1060 1150 628.
1077 1109 1287 1162 Ἔκυρσας,
1310 1110 1413 1151 ὥστε
1440 1110 1594 1161 τοξότης
1613 1110 1740 1163 ἄκρος,
1762 1128 1854 1152 σκο-

415 1178 502 1223 ποῦ,
523 1177 636 1231 quod
666 1175 821 1216 notavit
850 1176 1056 1217 Butlerus.
1087 1176 1316 1217 BLOMF.
1359 1178 1585 1229 προσίξεται
1613 1192 1706 1218 cum
1735 1178 1852 1233 geni-

416 1243 502 1284 tivo
521 1251 816 1292 constructum,
837 1243 950 1297 quod
976 1242 1246 1298 Aristophani
1275 1243 1421 1299 Equit.
1446 1245 1541 1297 761.
1571 1258 1623 1285 ex
1651 1244 1739 1286 cod.
1769 1245 1853 1286 Ra-

416 1318 590 1350 vennate
619 1319 660 1350 et
691 1309 819 1350 Suida
850 1309 1022 1359 restitui,
1050 1309 1125 1351 etsi
1154 1309 1320 1351 defendi
1348 1311 1518 1351 fortasse
1546 1319 1690 1366 potest,
1717 1320 1853 1353 tamen

415 1376 663 1432 probabilior
681 1376 759 1417 hoc
781 1375 868 1416 loco
889 1375 1050 1416 videtur
1072 1375 1275 1417 Schuetzii
1296 1377 1542 1432 conjectura.

478 1456 554 1498 103
559 1457 599 1497 5.
629 1442 789 1490 θαλλὸς,
820 1444 984 1483 Βαηιιι3
1012 1442 1176 1493 viridis,
1204 1442 1323 1484 olivae
1349 1458 1403 1485 sc.
1433 1458 1555 1499 quem
1589 1458 1730 1499 gerere
1754 1443 1853 1484 sole-

414 1509 514 1551 bant
530 1509 747 1566 supplices.
780 1508 964 1565 Hesych.
982 1509 1169 1552 Θαλλόςε
1202 1509 1344 1552 κλάδος
1360 1510 1507 1553 ἐλαίας.
1539 1509 1686 1564 Eurip.
1705 1509 1851 1566 Suppl.

417 1590 482 1618 10.
500 1576 642 1629 Ἱκτῆρι
662 1578 811 1631 θαλλῷ.
843 1576 1019 1616 Eumen.
1039 1587 1110 1629 43.
1141 1576 1325 1616 Orestem
1357 1575 1544 1631 depingit
1573 1576 1740 1631 Pythia,
1766 1594 1852 1619 νεο-

415 1644 563 1686 σπαδὲς
581 1640 875 1695 ξίφοςἜχοντ’,
894 1642 1029 1684 ἐλαίας
1044 1642 1077 1682 θ’
1091 1640 1354 1694 ὑψιγέννητον
1370 1642 1526 1690 κλάδον,
1543 1642 1663 1693 Λήνει
1681 1643 1852 1698 μεγίστῳ

415 1710 629 1762 σωφρόνως
649 1708 900 1760 ἐστεμμένον,
921 1706 1081 1760 Ἀργῆτι
1099 1711 1252 1763 μαλλῷ.
1284 1709 1437 1749 Confer
1458 1709 1646 1764 Sophocl.
1669 1710 1772 1751 OEd.
1794 1711 1850 1751 T.

415 1788 458 1830 3.
488 1775 559 1817 ubi
588 1775 683 1816 vide
712 1774 946 1830 Musgravii
971 1783 1136 1824 notatas,
1168 1775 1240 1830 qui
1272 1784 1407 1816 tamen
1432 1774 1559 1816 falsus
1592 1785 1652 1817 est
1678 1776 1730 1817 de
1756 1778 1853 1829 εἶρε-

416 1843 550 1894 σιῶνῃ,
585 1857 680 1897 quae
713 1856 737 1882 a
770 1856 884 1882 ramo
919 1841 1208 1898 supplicatorio
1250 1841 1370 1897 longe
1409 1851 1496 1883 erat
1529 1842 1700 1884 diversa.
1758 1844 1852 1884 Hos

414 1919 551 1950 autem
582 1923 716 1950 ramos
742 1907 957 1964 gestabant
983 1908 1056 1963 qui
1083 1908 1292 1949 oraculum
1321 1909 1567 1965 Delphicum
1602 1910 1656 1951 ob
1685 1909 1851 1965 aliquod

414 1976 685 2018 infortunium
714 1975 946 2017 consultum
976 1974 1103 2017 ibant.
1145 1976 1349 2017 Herodot.
1372 1986 1411 2030 7,
1437 1989 1529 2028 141.
1561 1991 1690 2032 quum
1720 1976 1853 2018 Athe-

413 2043 572 2085 nienses
594 2058 834 2100 responsum
864 2042 1070 2084 sinistrum
1100 2042 1299 2093 tulissent,
1314 2043 1465 2084 Timon
1487 2043 1715 2099 Delphicus
1735 2060 1849 2086 συνε-

412 2110 582 2162 βούλευέ
611 2116 697 2163 σφι,
721 2111 911 2163 ἱκετηρίας
935 2113 1122 2161 λαβοῦσι,
1145 2111 1304 2163 δεύτερα
1333 2111 1438 2154 αὖτις
1467 2113 1654 2155 ἐλθόντας
1681 2114 1851 2165 χρᾶσθαι

413 2179 466 2232 τῷ
483 2178 744 2232 χρηστηρίω
723 2194 773 2220 ως
793 2176 930 2220 ἱκέτας.
963 2177 1191 2218 BLOMF.

474 2245 593 2298 1036.
625 2246 798 2285 Comma
829 2253 924 2299 post
955 2245 1093 2296 ἵδρυμα
1122 2253 1163 2284 et
1192 2243 1312 2284 πέδον
1343 2252 1450 2284 recte
1479 2243 1616 2298 posuit
1643 2223 1848 2285 Pauwius.

414 2312 543 2351 Hunc
562 2325 725 2351 versum
753 2310 927 2351 contulit
946 2310 1152 2351 Dobraeus
1181 2308 1233 2350 ad
1263 2309 1471 2364 Aristoph.
1496 2308 1607 2351 Plut.
1629 2319 1724 2363 772.
1753 2324 1849 2351 cum

412 2375 560 2432 Eurip.
582 2376 719 2427 Andr.
747 2377 865 2417 1086.
886 2376 930 2416 τὸ
951 2375 1106 2417 κλεινὸν
1125 2376 1298 2427 ἤλθομεν
1317 2377 1469 2427 Φοίβου
1489 2375 1620 2418 πέδον.
1672 2376 1769 2432 Iph.
1792 2377 1846 2418 T.

413 2452 510 2498 972.
533 2443 573 2485 ἐς
591 2442 715 2495 ἁγνὸν
733 2442 857 2493 ἦλθον
876 2442 925 2484 αὖ
943 2442 1095 2494 Φοίβου
1114 2442 1246 2483 πέδον.
1283 2443 1509 2483 BLOMF.

472 2518 593 2563 1037.
616 2508 754 2549 Schol.
775 2509 894 2561 πυρός
913 2525 955 2549 τε
971 2508 1141 2561 φέγγος;
1173 2509 1218 2549 τὸ
1234 2510 1278 2550 ἐν
1293 2511 1533 2564 Παρνασσῷ.
1565 2508 1677 2564 Virg.
1693 2509 1793 2550 AEn.
1810 2520 1850 2559 2,

412 2586 507 2630 297.
527 2577 836 2632 AEternumque
854 2576 991 2632 adytis
1009 2577 1124 2632 affert
1135 2576 1424 2631 penetralibus
1442 2577 1596 2631 ignem.
1648 2574 1850 2616 Stanleius

410 2643 508 2690 citat
530 2642 690 2685 callim.
714 2644 772 2684 H.
796 2642 939 2698 Apoll.
961 2643 1029 2697 83.
1050 2642 1102 2683 de
1130 2642 1208 2683 hoc
1237 2642 1332 2698 igne
1352 2642 1598 2698 sempiterno
1613 2641 1746 2683 abiete
1765 2641 1849 2683 sola

410 2709 588 2751 nutrito:
620 2709 715 2750 item
748 2708 957 2750 Plutarch.
980 2709 1110 2750 Num.
1131 2724 1174 2765 p.
1198 2710 1266 2750 66.
1289 2708 1362 2764 qui
1391 2717 1588 2750 memorat
1616 2712 1690 2761 πῦρ
1720 2709 1846 2760 ἄσβε-

411 2793 507 2818 στον
536 2780 667 2818 Πυθοῖ
691 2777 754 2818 καὶ
781 2775 1008 2827 Ἀθήνησιν,
1037 2784 1078 2816 et
1106 2775 1295 2816 Strabon.
1317 2789 1357 2829 9.
1386 2790 1427 2831 p.
1447 2776 1544 2829 396.
1570 2775 1593 2816 ὅ
1615 2791 1658 2816 τε
1688 2776 1849 2829 ἀρχαῖος

411 2843 506 2886 νεὸς
526 2844 547 2883 ὁ
568 2845 634 2894 τῆς
650 2842 859 2890 Πολιάδος,
883 2843 927 2884 ἐν
947 2840 977 2897 ᾧ
994 2842 1015 2884 ὁ
1036 2843 1233 2894 ἄσβεστος
1246 2843 1403 2896 λύχνος.
1443 2841 1665 2882 Extinctus
1683 2840 1764 2882 fuit
1781 2841 1848 2882 hie

408 2909 528 2964 ignis,
551 2910 704 2966 templo
728 2925 753 2951 a
780 2909 920 2951 Medis
947 2909 1124 2959 incenso,
1151 2908 1257 2950 bello
1281 2908 1381 2950 item
1414 2908 1698 2950 Mithridatico
1722 2917 1847 2964 atque
