1962 3224
331 202 416 245 398
802 202 1297 243 ANNOTATIONES

390 321 510 365 1073.
546 321 665 365 1077.
686 310 884 353 ὣ’πολλον
903 310 1101 353 ὦ’πολλον
1122 312 1185 352 Μ.
1215 312 1399 352 ὥπολλον
1421 312 1606 352 ὤπολλον
1626 309 1766 351 Guelf.

330 377 431 418 Ald.
469 379 575 420 Rob.
615 380 752 420 Turn.
804 377 1072 419 scribendum
1103 376 1313 418 Ἀπολλον
1340 376 1549 418 Ἄπολλον
1585 391 1678 417 cum
1714 377 1768 416 T.

334 444 478 500 Steph.

390 523 510 564 1074.
542 510 797 564 ἀνωτότυξας]
820 511 1071 560 ἀνωλόλυξας
1100 509 1222 550 schol.
1245 509 1392 564 Eurip.
1418 509 1621 550 Phoeniss.
1647 517 1770 563 1035.

333 578 492 629 (1026.)
518 575 670 616 vitiose.
732 577 839 616 Nam
871 577 1108 626 ἀνωτότυξας
1136 576 1311 616 refertur
1339 575 1392 616 ad
1421 575 1655 631 praecedens
1679 577 1767 615 ὀτο-

334 647 452 683 τοτοῖ.

392 710 511 749 1081.
534 708 698 763 ἀγυιᾶτ’]
719 708 835 761 ἀγυιά
856 707 885 748 τ’
901 709 1000 749 Ald.
1033 710 1197 761 ἆγυιᾶτα
1213 709 1320 749 Rob.
1353 707 1512 761 ἀγυιᾶτ’
1527 708 1591 748 Μ.
1623 704 1769 759 ἀγυίατ’

331 775 396 815 Fl.
419 790 468 815 ex
498 774 768 821 correctione3
801 785 842 815 et
871 774 912 814 in
944 789 983 814 v.
1010 775 1129 815 1086.
1154 774 1300 827 ἀγυιάτ’
1329 775 1380 816 Τ.
1424 776 1557 827 ἀγυιεῦ
1578 773 1608 814 τ’
1632 775 1769 814 Turn.

330 840 464 880 ceteri.
526 840 607 880 Sed
627 854 756 894 quum
788 839 876 879 haec
905 839 1038 880 notior
1057 840 1188 880 forma
1208 841 1274 890 sit,
1299 840 1340 880 in
1367 839 1533 880 alteram
1555 855 1578 880 a
1597 838 1771 880 librariis

330 905 482 946 mutari
508 905 575 946 vix
605 905 755 960 potuit.
803 905 944 960 Steph.
968 906 1146 960 Byzant.
1169 921 1206 945 v.
1225 905 1486 959 Ἀγυιά-καὶ
1515 907 1535 945 ὁ
1560 904 1772 946 Ἀπόλλων

331 973 497 1024 ἀγυιεὺς,
530 973 591 1012 καὶ
621 971 816 1024 ἀγυιάτης,
853 971 1055 1012 τουτέστιν
1086 973 1107 1011 ὁ
1138 971 1395 1023 ἐφόδιος-τὸ
1428 973 1458 1011 δ’
1488 970 1684 1024 ἀγυιάτης,
1721 970 1772 1011 ὣς

332 1039 532 1090 Κορώνεια
554 1036 831 1089 Κορωνειάτης,
856 1037 1106 1089 Καρυειάτης,
1138 1037 1424 1088 Καυλωνιάτης.
1458 1036 1626 1078 Pindar.
1644 1035 1770 1091 Pyth.

335 1117 401 1153 ΙΙ,
437 1117 475 1147 2.
508 1119 532 1144 a
566 1105 614 1144 V.
645 1103 702 1142 D.
734 1102 952 1154 indicatus,
987 1102 1143 1153 Σεμέλα
1176 1104 1248 1154 μὲν
1280 1101 1555 1154 Ὀλυμπιάδων
1588 1103 1771 1155 ἀγυιᾶτις.

334 1169 467 1210 Schol.
491 1171 659 1210 σύνοικε.
710 1167 858 1209 Notior
884 1168 1016 1208 forma
1035 1177 1094 1208 est
1116 1168 1281 1220 ἀγυιεύς.
1326 1168 1508 1224 Hesych.
1529 1167 1718 1220 Ἀγυιεύς.
1750 1169 1770 1208 ὁ

331 1235 405 1288 πρὸ
437 1239 512 1276 τῶν
547 1238 671 1287 θυρῶν
707 1235 830 1276 ἑστὼς
867 1234 999 1285 βωμὸς
1039 1236 1083 1275 ἐν
1123 1233 1291 1287 σχήματι
1331 1235 1470 1276 κίονος.
1522 1235 1770 1290 Harpocrat.

329 1301 507 1355 Ἀγυιεὺς
536 1301 579 1342 δέ
610 1303 692 1342 ἐστι
723 1301 814 1341 κίων
834 1302 887 1343 εἰς
916 1300 983 1350 ὀξὺ
1013 1299 1159 1353 λήγων,
1189 1299 1235 1340 ὃν
1261 1302 1391 1340 ἱστᾶσι
1418 1300 1492 1352 πρὸ
1525 1304 1601 1341 τῶν
1632 1303 1770 1352 θυρῶν.

332 1370 448 1412 ἰδίους
477 1369 519 1408 δὲ
550 1367 653 1408 εἶναί
679 1371 804 1418 φασιν
834 1366 968 1408 αὐτοὺς
989 1367 1256 1409 Ἀπόλλωνος·
1287 1368 1325 1407 οἱ
1351 1368 1393 1407 δὲ
1425 1367 1633 1414 Διονύσου,
1666 1368 1702 1407 οἱ
1729 1367 1771 1407 δὲ

332 1437 491 1488 ἀμφοῖν.
538 1434 660 1489 plura
705 1431 762 1472 ibi
806 1431 915 1472 vide.
978 1433 1171 1472 Ceterum
1222 1434 1324 1474 bene
1371 1433 1600 1474 observavit
1650 1434 1769 1473 Stan-

330 1501 458 1547 leius;
503 1499 770 1540 “Enimvero
809 1499 986 1555 Agyiea,
1019 1510 1064 1541 ut
1102 1509 1142 1541 et
1173 1500 1424 1556 Apollinem,
1460 1499 1650 1540 inclamat
1689 1500 1769 1539 Ca-

332 1567 480 1608 sandra
517 1581 598 1606 non
639 1565 769 1606 otioso
801 1566 1058 1619 cognomine,
1099 1567 1168 1607 sed
1201 1566 1489 1622 etymologiam
1528 1564 1768 1621 respiciens;

331 1633 486 1688 quippe
526 1633 570 1672 τὸ
610 1631 764 1684 ἀγυιεὺς
798 1631 874 1671 ἀπὸ
908 1635 976 1672 τοῦ
1016 1633 1127 1685 ἄγειν
1164 1633 1338 1674 derivari
1372 1632 1547 1674 videtur.
1609 1631 1773 1672 Multus

332 1709 393 1741 est
431 1700 473 1740 in
513 1698 621 1739 hisce
653 1696 921 1738 allusionibus
962 1699 1187 1754 AEschylus
1226 1710 1385 1746 noster;
1421 1699 1589 1752 Ἀγυιεῦ,
1621 1698 1770 1753 inquit,

331 1767 357 1807 ἆ
388 1770 459 1807 ποῖ
486 1764 571 1806 ποτ’
607 1763 755 1817 ἤγαγές
792 1779 841 1814 με
856 1781 865 1810 ;
916 1764 974 1805 ita
1011 1764 1222 1807 Ἀπόλλων
1262 1768 1362 1817 ἐμός·
1413 1767 1621 1808 ἀπώλεσας
1659 1764 1772 1817 γάρ.”

335 1833 562 1873 BLOMF.

388 1900 577 1939 ἀπόλλων
611 1895 721 1950 ἐμός]
759 1896 999 1937 Macrobius
1031 1898 1119 1938 Sat.
1154 1910 1188 1946 1,
1222 1907 1284 1950 17.
1317 1897 1406 1937 Alii
1439 1897 1771 1952 cognominatum

331 1965 564 2020 Apollinem
593 1969 748 2019 putant
778 1963 828 2004 ὡς
859 1963 1088 2004 ἀπολλύντα
1119 1966 1168 2004 τὰ
1196 1966 1284 2018 ζῷα.
1332 1963 1567 2003 Eoeanimat
1596 1963 1706 2002 enim
1735 1968 1773 2002 et

327 2032 500 2087 perimit
533 2031 778 2078 animantes,
814 2043 905 2068 cum
932 2035 1085 2084 pestem
1116 2030 1359 2082 intemperie
1391 2028 1540 2068 caloris
1574 2029 1770 2068 immittit.

338 2099 395 2139 Ut
416 2098 645 2152 Euripides
665 2097 711 2135 in
731 2095 995 2144 Phaethonte,
1018 2094 1047 2135 ὦ
1076 2096 1350 2149 χρυσοφεγγές
1368 2093 1458 2145 ἥλι’,
1491 2094 1541 2136 ὥς
1563 2092 1599 2144 μ’
1622 2094 1773 2134 ἀπώλε-

332 2182 420 2207 σας.
444 2163 570 2205 ’Όθεν
591 2162 627 2203 σ’
647 2160 868 2203 Ἀπόλλων’
892 2162 1074 2213 ἐμφανῶς
1105 2161 1232 2217 κλῄζει
1256 2162 1411 2213 βροτός.
1464 2161 1567 2200 Item
1587 2160 1773 2200 Archilo-

331 2231 446 2279 chus,
469 2231 565 2280 ἄναξ
579 2228 801 2274 ”Απολλον,
824 2228 886 2267 καὶ
907 2228 957 2268 σὺ
979 2229 1066 2271 τοὺς
1084 2230 1158 2279 μὲν
1179 2229 1322 2270 αἰτίους
1348 2226 1540 2277 Πήμαινε,
1564 2226 1626 2266 καὶ
1646 2226 1773 2278 σφέας

332 2295 457 2344 ὄλλυ’,
480 2297 612 2347 ὥσπερ
633 2295 800 2335 ὀλλύεις.
837 2293 1026 2349 Denique
1045 2295 1204 2335 inustos
1220 2295 1356 2334 morbo
1370 2291 1774 2343 Ἀπολλωνοβλήτους

334 2362 398 2403 καὶ
435 2360 695 2413 ἡλιοβλήτους
730 2358 957 2414 appellant.
993 2361 1213 2401 STANL.
1270 2361 1320 2400 V.
1352 2357 1498 2399 Elmsl.
1533 2358 1587 2398 ad
1622 2357 1772 2414 Eurip.

335 2437 734 2558 Βᾶῗὲἓέῗοέμήσειν]
768 2499 906 2553 χράειν
945 2494 1087 2536 Guelf.
1127 2492 1227 2533 Ald.
1260 2506 1310 2532 ex
1345 2506 1430 2547 quo
1462 2492 1597 2531 Turn.
1639 2489 1774 2531 κλάειν

332 2570 524 2691 fecciii-7479]
547 2634 662 2684 αὐτῆς
682 2633 747 2672 Μ.
770 2630 872 2672 Ald.
893 2629 1002 2670 Rob.

395 2703 514 2753 1084.
545 2717 618 2752 περ
649 2700 692 2740 ἐν
729 2696 982 2738 Schuetzius.
1032 2692 1119 2746 παρ’
1154 2693 1198 2734 ἓν
1226 2693 1291 2732 Μ.
1324 2690 1425 2731 Ald.
1463 2692 1599 2730 Turn.
1649 2689 1773 2740 παρὲν

336 2769 479 2825 Steph.
510 2766 635 2820 παρὸν
656 2766 710 2805 Τ.
733 2764 842 2805 Rob.

396 2838 514 2878 1086.
537 2832 701 2888 ἀγυιᾶτ’]
723 2831 838 2885 ἀγυιά
857 2830 887 2872 τ’
911 2829 1012 2871 Ald.
1045 2830 1177 2880 ἀγυιεῦ
1198 2825 1227 2867 τ’
1250 2827 1385 2866 Turn.
