1962 3224
1 474 5 506 ⁴„
0 406 5 435 ἢ
0 263 3 367 ᾑῂ,ιι

407 174 491 216 638
629 175 1124 217 ANNOTATIONES
1156 175 1243 216 AD
1275 176 1622 217 SUPPLICES.

406 289 603 339 oportere,
623 284 694 325 sed
719 285 842 325 etiam
872 298 1085 341 excerpere
1110 298 1160 326 ecc
1179 285 1245 326 hie
1262 285 1366 341 ipsis
1384 285 1422 325 οἱ
1441 284 1542 340 quid
1565 285 1714 325 inesset
1732 283 1837 324 bom‘.

407 351 579 392 Homer.
602 350 654 392 Il.
678 355 720 401 P,
742 361 834 405 105.

746 420 884 458 Κακῶν
902 416 946 458 δέ
966 434 1008 458 κε
1028 417 1216 470 φέρτερον
1237 419 1306 469 εἴη.

407 483 479 524 Ad
499 498 622 539 quem
642 483 774 524 locum
794 485 823 523 J
825 483 975 524 acobus
1000 485 1228 539 Duportus‚
1245 484 1331 524 haec
1350 482 1464 524 addit
1483 482 1652 524 aliorum
1674 482 1840 538 scripto-

407 565 498 590 rum
525 550 767 591 testimonia.
801 555 829 574 “
850 551 960 590 Κατὰ
979 550 1047 590 τὸν
1067 551 1246 602 δεύτερόν
1273 555 1374 604 φασι
1402 553 1527 590 πλοῦν
1555 549 1598 589 τὸ
1629 547 1840 602 ἐλάχιστον

405 617 578 667 ληπτέον
597 621 673 658 τῶν
695 620 830 657 κακῶν.
861 616 1036 657 Aristot.
1056 615 1159 656 Eth.
1184 628 1221 666 2,
1243 630 1281 670 9.
1311 620 1401 657 Τῶν
1426 617 1499 667 μὲν
1527 617 1684 668 ἀγαθῶν
1710 616 1770 656 ἀεὶ
1794 615 1838 655 τὸ

405 684 606 735 μέγιστον,
633 686 710 723 τῶν
739 686 863 723 κακῶν
893 683 934 723 δὲ
963 680 1222 735 τούλάχιστον
1252 683 1455 734 αἱρεῖσθαι.
1514 680 1699 722 Annibal
1727 682 1839 736 apud

407 749 553 805 Polyb,
572 759 637 803 15,
659 758 696 801 7.
717 750 792 790 Ex
811 749 932 789 malie
950 750 1166 789 ‘minimum
1184 765 1197 795 ;
1234 748 1346 804 quod
1366 748 1407 789 in
1435 763 1603 789 uxorem
1625 763 1738 789 suam
1756 763 1836 804 pu-

405 816 534 857 sillam
564 815 751 874 nequiter
780 815 899 856 nimis
927 814 1043 856 torsit
1074 815 1187 856 Laco
1215 814 1383 870 quidam
1413 814 1524 871 apud
1555 814 1837 865 Plutarchum,

405 883 493 935 περὶ
527 885 664 934 φιλαδ.
696 897 738 938 p.
770 883 866 934 482.
897 882 956 922 Et
986 882 1175 922 Democr.
1206 881 1318 937 apud
1349 883 1504 922 Anton.
1535 880 1576 921 in
1610 880 1764 921 Meliss.
1795 880 1840 920 E

405 950 525 990 malie
545 949 686 990 multis
706 948 858 989 malum
878 948 986 1004 quod
1011 950 1228 989 minimum
1254 954 1327 998 est,
1347 950 1392 989 id
1420 949 1636 989 minimum
1664 953 1724 989 est
1751 961 1839 988 ma-

404 1016 501 1056 lum.
534 1016 670 1056 Plaut.
706 1014 832 1056 Stich.
866 1028 903 1065 1,
934 1027 971 1065 1,
1003 1015 1070 1069 63.
1104 1014 1175 1056 ubi
1209 1016 1261 1070 τῷ
1295 1017 1400 1068 παρὰ
1432 1015 1680 1068 προσδοκίαν,
1715 1024 1839 1069 atque

405 1082 525 1123 etiam
564 1084 763 1137 κοκκυσμῷ
801 1081 933 1123 utitur
970 1080 1147 1122 comicus
1186 1081 1345 1122 ridiculi
1382 1083 1540 1123 causa.''
1610 1083 1717 1123 Haec
1754 1081 1837 1122 ille.

407 1150 628 1190 STANL.

466 1227 584 1269 1071.
618 1215 855 1266 Scholiasta,
888 1215 1060 1268 δίμοιρον
1089 1214 1203 1269 αἰνῶ]
1234 1214 1353 1266 ἡδέως
1383 1214 1460 1268 ἔχω
1490 1214 1533 1255 τὸ
1564 1215 1735 1268 δίμοιρον
1763 1219 1839 1256 τῶν

406 1287 532 1324 κακῶν
552 1283 626 1325 σὺν
647 1284 704 1324 ἑνὶ
724 1284 868 1338 ἀγαθῷ.
911 1280 966 1323 Ὅ
989 1283 1073 1323 ἐστι
1091 1284 1137 1333 τῇ
1158 1283 1368 1335 ἀπαλλαγῇ
1389 1284 1457 1322 τοῦ
1475 1280 1614 1334 γάμου.
1644 1282 1840 1334 Πίνδαρος

408 1349 554 1406 (Pyth.
574 1363 616 1404 3,
639 1350 726 1402 81.)

574 1416 618 1457 ἓν
637 1415 727 1468 παρ’
748 1415 871 1456 ἐσλὸν
890 1413 1046 1467 πήματα
1066 1414 1206 1455 σύνδυο
1227 1413 1399 1454 δαίονται
1417 1416 1574 1465 βροτοῖς

574 1481 773 1523 ἀθάνατοι.
792 1505 850 1512 -

405 1549 460 1590 Id
477 1549 585 1605 quod
603 1563 655 1589 ea·
673 1549 830 1589 duobus
849 1548 971 1589 malis
994 1547 1138 1588 melius
1167 1553 1226 1587 est
1254 1551 1292 1586 et
1321 1545 1480 1601 partim
1509 1546 1656 1586 bonum
1676 1547 1838 1601 partim

404 1617 577 1666 malum,
625 1615 825 1671 prafiero.
903 1613 1073 1655 Malunt
1120 1612 1309 1654 nimirum
1359 1611 1517 1653 exsules
1564 1627 1664 1663 esse,
1714 1627 1838 1668 quam

406 1681 585 1738 AEgypti
603 1681 697 1722 filiis
717 1681 881 1722 nubere.
915 1680 1045 1721 SCH.

463 1750 525 1791 καὶ
543 1749 603 1804 τὸ]
625 1750 691 1790 καί
706 1765 749 1790 τε
770 1749 836 1789 Μ.
859 1746 1001 1790 Guelf.
1022 1746 1123 1788 Ald.

465 1826 583 1869 1072.
610 1815 714 1869 δίκα]
739 1815 823 1868 δίκᾳ
843 1823 950 1855 recte
969 1812 1205 1869 Burgesius.
1266 1813 1417 1854 Sensus
1445 1820 1517 1863 est,
1544 1818 1583 1854 et
1612 1813 1700 1854 volo
1727 1813 1837 1854 litem

404 1883 501 1925 dari
520 1882 741 1924 secundum
746 1882 839 1936 jus.
874 1881 1062 1921 BOTH.

462 1948 586 2004 δίκας]
608 1949 726 2002 τύχας
746 1946 984 2003 Burgesius.

467 2027 586 2071 1073.
609 2015 752 2070 εὐχαῖς]
775 2015 941 2068 εὐχολῆς
961 2013 1064 2055 Ald.
1097 2012 1270 2068 εὐχωλῇς
1289 2012 1426 2053 Turn.

463 2082 671 2137 λυτηρίοις]
690 2082 890 2134 λυτηρίους
910 2081 1003 2121 Par.
