1962 3224
360 206 444 249 476
830 213 1325 256 ANNOTATIONES

417 324 611 368 ἀθανάτας
639 325 788 381 τριχὸς]
823 328 974 382 Capilli
1003 330 1351 371 immortalitate-m
1382 330 1505 380 Niso,
1535 331 1572 370 si
1605 334 1796 370 servatus

356 390 519 441 ficisset,
539 392 812 433 conciliatura
847 394 910 433 SC
918 395 974 434 H.

414 459 511 499 620.
532 458 767 512 νοσφίσασ’]
792 459 913 499 Ovid.
935 461 1110 501 Bletam.
1127 461 1166 509 8,
1185 462 1253 516 85.

887 525 999 566 fatali
1021 536 1115 567 nata
1134 536 1342 582 parentem

501 590 625 631 Crine
645 606 762 631 suum
786 592 952 647 spoliat:

359 657 469 697 unde
488 657 523 697 ei
544 672 689 698 nomen
712 658 866 709 Ceiris3
897 657 1021 698 Ovid.
1043 659 1215 700 Metam.
1237 660 1277 709 8,
1301 669 1393 712 151.

638 732 678 764 et
699 739 721 764 a
741 732 858 764 tonso
877 733 936 764 est
954 724 1031 764 hoc
1052 739 1196 765 nomen
1217 725 1365 781 adepta
1385 723 1543 779 capillo.

360 791 578 831 STANL.
626 789 759 830 Schol.
798 790 1074 842 ἀπροβούλως;
1110 790 1365 842 ἀπρονοήτως.
1408 791 1453 830 οὐ
1482 790 1790 843 προσκεψαμένη

355 857 400 896 τὸ
422 857 734 907 ἀποβησόμενον.
766 856 816 898 ὣς
834 855 1011 907 προδοτὶς
1029 857 1103 908 γὰρ
1123 858 1191 896 τοῦ
1218 856 1361 908 πατρὸς
1391 856 1599 908 ἐτιμωρήθη
1619 857 1692 897 ὑπὸ
1714 859 1789 898 Μί-

357 939 467 966 νωος.
518 923 599 963 Sed
628 923 762 963 forsan
784 922 933 962 referas
961 922 1013 962 ad
1035 922 1197 972 Nisum,
1219 924 1474 974 ἀπροβούλως
1492 922 1646 963 πνέονθ’
1666 925 1786 978 ὕπνῳ,

353 991 444 1030 sine
471 989 701 1044 suspicione
729 994 974 1029 stertentem.
1017 988 1232 1043 Aristoph.
1255 988 1368 1030 Plut.
1391 1002 1486 1043 300.
1508 988 1559 1029 de
1579 988 1785 1044 Cyclope3

356 1054 436 1103 εἰκῆ
466 1054 508 1093 δὲ
538 1053 824 1105 καταδαρθέντα
852 1069 939 1100 που,
963 1052 1104 1105 Μέγαν
1133 1054 1329 1104 λαβόντες
1356 1053 1527 1104 ἡμμένον
1553 1054 1788 1106 σφηκίσκον,

355 1120 615 1172 ἐκτυφλῶσαι.
663 1120 722 1159 Et
742 1118 797 1159 sic
811 1118 1102 1174 interpretatur
1122 1118 1270 1160 Bothe.
1299 1119 1528 1159 BLOMF.

412 1187 509 1230 621.
539 1188 564 1227 ἆ
591 1186 809 1239 κυνόφρων]
835 1186 1067 1238 ἆκανόφρων
1089 1184 1188 1226 Ald.
1210 1199 1262 1225 ex
1281 1200 1365 1240 quo
1386 1186 1523 1226 Turn.
1545 1186 1790 1238 ἆγανόφρονι

351 1252 628 1373 Γθςκὶνόφρων]
649 1317 887 1373 [mpudens.
923 1316 1126 1358 Stanleius
1146 1317 1302 1358 confert
1323 1316 1446 1359 Iliad.
1467 1321 1513 1358 Z.
1533 1330 1628 1372 344.
1649 1317 1732 1358 Τὸν
1752 1316 1784 1358 δ’

352 1383 496 1436 Ἑλένη
525 1386 681 1436 μύθοισι
708 1384 907 1437 προσηύδα
934 1385 1174 1436 μειλιχίοισι·
1208 1387 1313 1437 Δᾶερ
1344 1386 1460 1436 ἐμεῖο,
1483 1385 1594 1428 κυνὸς
1624 1401 1785 1435 κακομη-

351 1451 489 1504 χάνου,
531 1450 783 1504 ὀκρυοέσσης.
838 1450 903 1490 Sic
944 1453 1192 1502 κυνοθρασεῖς
1233 1452 1378 1507 Suppl.
1413 1452 1507 1504 766.
1547 1450 1785 1502 κυνοθαρσῆς

353 1518 484 1559 Εὗνόα
504 1517 707 1558 Theocrit.
734 1530 799 1571 15,
813 1527 884 1570 53.
907 1515 975 1556 ubi
1005 1516 1090 1557 vid.
1108 1517 1357 1558 Valckenaer.
1379 1533 1419 1572 p.
1435 1519 1533 1572 361.
1553 1518 1783 1558 BLOMF.

408 1586 503 1626 622.
526 1583 701 1637 κιγχάνει
722 1585 941 1624 Porsonus.
973 1582 1125 1635 κιχάνει
1144 1583 1250 1624 libri.

403 1651 485 1705 μιν]
509 1649 775 1691 Scribendum
798 1665 858 1689 νιν
877 1663 969 1689 cum
993 1649 1249 1690 Blomfieldo.

407 1717 557 1771 κιχάνει
577 1717 620 1757 δέ
637 1733 703 1767 μιν
720 1715 880 1769 Ἑρμῆς]
904 1714 1017 1756 Male
1044 1715 1286 1763 scholiastes,
1307 1730 1430 1770 quem
1451 1716 1658 1757 Heathius
1676 1732 1779 1772 quo-

348 1799 430 1840 que
450 1783 648 1838 sequitur,
668 1782 719 1822 ad
742 1781 887 1822 Nisum
910 1782 1047 1822 refert.
1105 1782 1251 1822 Nisum
1274 1782 1378 1823 enim
1401 1782 1636 1838 capillorum
1668 1784 1781 1824 furto

348 1860 555 1891 mortuum
578 1864 676 1898 esse,
691 1849 777 1904 jam
800 1863 837 1888 v.
860 1850 956 1899 614.
977 1848 1073 1889 satis
1093 1848 1338 1890 declaratum
1363 1858 1460 1889 erat.
1494 1849 1634 1890 Multo
1653 1851 1780 1906 magis

347 1917 544 1958 attinebat
585 1915 731 1971 Scyllae
770 1930 930 1970 poenarn
964 1915 1029 1955 hic
1060 1915 1191 1955 tribus
1225 1914 1359 1956 verbis
1392 1930 1629 1966 memorare,
1666 1917 1779 1972 quod

346 1985 517 2026 chorum
547 1982 642 2023 odio
674 1982 865 2023 facinoris
905 1982 1126 2032 incensum,
1157 1991 1198 2022 et
1232 1996 1443 2037 nunquam
1476 1997 1557 2023 non
1590 1982 1779 2024 vindictae

347 2051 495 2093 divinae
515 2049 759 2106 cogitatione
779 2059 958 2090 erectum
989 2048 1164 2089 maxime
1184 2048 1367 2089 decebat.
1427 2048 1506 2089 Sed
1527 2048 1628 2103 quid
1658 2048 1780 2104 signi-

344 2119 441 2160 ficat
474 2118 737 2159 stlercurinm
768 2130 858 2158 eam
895 2123 1123 2158 assecutum
1154 2117 1269 2157 esse?
1312 2114 1447 2170 Vulgo
1485 2114 1689 2170 accipiunt
1725 2116 1778 2157 de

345 2191 489 2235 morte,
530 2183 628 2240 quia
666 2182 900 2224 Mercurius
942 2192 1003 2223 est
1039 2187 1232 2234 πομπαῖος
1276 2183 1515 2222 animarum
1555 2182 1775 2229 deductor,-

345 2250 540 2293 Pauwius
570 2259 705 2291 autem
743 2249 796 2290 ad
836 2249 1092 2290 Mercurium
1129 2249 1333 2289 lucrorum
1374 2247 1586 2302 praesidem
1622 2249 1776 2299 retulit,

344 2318 456 2374 quod
486 2332 560 2358 cur
587 2315 794 2356 Heathius
822 2315 924 2356 adeo
943 2313 1147 2355 fastidiose
1177 2323 1354 2370 spernat,
1378 2328 1455 2354 non
1477 2313 1610 2355 video.
1667 2316 1775 2356 Cum

343 2384 450 2426 enim
472 2383 650 2439 tragicus
669 2391 926 2422 memorasset
949 2381 1125 2437 Scyllam
1155 2395 1278 2421 aureo
1298 2380 1451 2431 monili,
1471 2380 1654 2436 adeoque
1673 2380 1775 2423 lucri

342 2451 480 2507 potius
499 2448 735 2505 cupiditate,
755 2462 877 2504 quam
910 2462 1045 2488 amore
1068 2447 1231 2488 ductam
1263 2446 1478 2503 parricidio
1507 2462 1549 2487 se
1579 2448 1774 2488 contami-

344 2532 473 2567 nasse,
505 2515 650 2572 quidni
684 2515 831 2556 chorus
874 2515 950 2555 boc
998 2529 1197 2555 sarcasmo
1230 2513 1499 2554 narrationem
1534 2513 1772 2555 concludat:

342 2585 427 2627 Sed
445 2590 656 2626 assecutus
681 2588 741 2623 est
763 2583 897 2638 ipsam
918 2582 1031 2621 lucro
1050 2581 1278 2621 inhiantem
1299 2581 1541 2621 Mercurius
1569 2581 1772 2621 lucrorum

336 2665 504 2708 praeses,
534 2663 700 2705 eamque
725 2650 855 2704 gravi
883 2649 1032 2689 damno
1062 2649 1270 2689 mactavit.
1321 2649 1511 2688 Ceterum
1543 2648 1594 2688 de
1628 2648 1773 2704 Scyllae

340 2734 461 2774 poena
500 2718 552 2758 cf.
584 2716 729 2772 Virgil.
766 2714 851 2756 Cir.
883 2730 921 2755 v.
951 2715 1050 2770 389.
1084 2724 1124 2755 et
1156 2730 1260 2770 quos
1298 2714 1354 2755 ibi
1392 2714 1534 2755 laudat
1567 2715 1771 2770 Heynius.

340 2787 468 2827 SCH.

395 2855 492 2906 623.
528 2849 802 2902 ἐπεμνησάμην
840 2848 1059 2890 Heathius.
1108 2847 1379 2900 ἐπεμνήσαμεν
1409 2846 1516 2898 libri,
1550 2845 1625 2887 nisi
1658 2848 1771 2903 quod

339 2918 559 2972 ἐμνήσαμεν
581 2917 690 2958 Rob.
