1962 3224
365 204 459 246 362
837 206 1331 247 ANNOTATIONES

369 315 421 356 ab
443 315 733 371 interpretibus
762 330 843 356 non
873 316 1007 371 potuit
1035 315 1276 371 interpolata
1305 314 1565 371 quorundam
1587 313 1804 355 verborum

370 382 570 438 scriptura
589 382 781 438 deceptis.

385 480 388 482 >
427 450 522 504 376.
547 449 713 503 δικαίως]
737 451 843 490 Sunt
863 450 934 504 qui
957 449 1099 490 malint
1119 451 1279 491 δίκαιον.
1313 450 1474 491 STAN
1480 450 1533 489 L.

428 516 523 570 378.
544 526 640 570 379.
663 524 703 555 et
723 516 821 570 396.
842 527 939 570 397.
961 515 1001 555 in
1025 530 1151 556 unum
1174 530 1336 556 versum
1356 514 1644 571 conjungendi.

428 592 525 636 379.
560 582 662 622 ὥστε
699 581 928 636 κάπαρκεῖν]
965 581 1054 622 ὥστ’
1091 583 1278 634 ἀπαρκεῖν
1310 582 1375 622 Fl.
1411 583 1620 634 κᾶπαρκεῖν
1654 589 1714 621 est
1747 579 1809 619 καὶ

354 649 566 700 ἱὲπαρκεῖν.
598 648 828 688 BLOMF.

355 704 369 734 l
429 714 524 769 381.
557 714 732 769 ἔπαλξις]
754 714 868 755 Ordo
888 714 1105 755 verborum
1133 713 1295 755 videtur
1325 714 1390 755 hic
1419 729 1518 762 esse,
1546 714 1591 754 οὐ
1620 712 1694 765 γάρ
1725 712 1810 751 ἐστι

373 781 543 822 πλούτου
564 779 726 831 ἔπαλξις
745 783 799 823 εἰς
819 780 1026 833 ἀφάνειαν,
1050 780 1158 832 ἀνδρὶ
1177 781 1272 832 πρὸς
1293 782 1407 832 κόρον
1429 780 1657 821 λακτίσαντι
1683 777 1811 830 μέγαν

373 846 510 898 βωμὸν
539 848 894 893 Alme—Homini
919 848 1107 888 Justz’tiae
1135 861 1255 886 aram
1284 847 1502 887 insolenter
1530 847 1706 887 calcibus
1736 846 1810 884 im—

366 915 540 969 petenti,
560 915 720 954 divitica
738 914 846 954 nihil
858 919 1037 969 prosunt
1055 913 1111 952 ad
1121 913 1455 967 propulsandum
1474 914 1701 953 interitum.
1745 911 1812 952 Sic

375 979 696 1035 interpretantur
742 980 974 1028 Schutzius,
1016 977 1293 1033 Musgravius.
1367 978 1531 1020 Dicitur
1569 988 1705 1019 autem
1744 979 1811 1019 οὐκ

378 1047 486 1087 ἔστιν
507 1047 664 1097 ἔπαλξις
683 1048 852 1088 πλούτου
872 1046 1011 1087 eadem
1039 1044 1337 1086 constructione
1363 1060 1446 1100 qua
1473 1045 1585 1100 apud
1619 1044 1810 1100 Sophocl.

378 1112 479 1154 OEd.
496 1113 585 1154 Col.
606 1115 699 1154 262.
719 1115 773 1154 Τί
789 1117 883 1164 δῆτα
903 1114 1024 1164 δόξης,
1046 1112 1070 1163 ἤ
1089 1128 1125 1152 τι
1145 1113 1329 1163 κληδόνος
1350 1115 1468 1163 καλῆς
1489 1112 1629 1162 Μάτην
1648 1112 1812 1164 ῥέουσης

378 1179 568 1230 ὠφέλημα
596 1181 799 1232 γίγνεται;
832 1180 980 1235 Eurip.
1004 1178 1150 1234 OEdip.
1171 1178 1222 1219 fr.
1245 1180 1281 1219 8.
1312 1179 1426 1219 οὐδέν
1452 1195 1488 1219 τι
1513 1181 1578 1229 τῆς
1604 1177 1813 1230 εὐμορφίας

373 1245 565 1298 ”Οφελος,
588 1247 682 1287 ὅταν
702 1263 757 1288 τις
776 1249 827 1297 μὴ
847 1245 994 1298 φρένας
1015 1247 1136 1288 καλᾶς
1156 1245 1238 1301 ἔχῃ.
1274 1246 1501 1287 BLOMF.

433 1312 531 1366 384.
551 1313 798 1368 λακτίσαντι]
822 1312 1091 1353 ἐκλακτίσαντι
1112 1313 1165 1352 Τ.

433 1378 560 1431 μέγαν
584 1379 799 1419 canterus.
828 1378 984 1431 μεγάλα
1002 1378 1109 1419 libri.

435 1445 531 1500 385.
565 1448 699 1496 βιᾶται
733 1443 763 1485 δ’
796 1446 821 1485 ἃ
854 1444 1022 1486 τάλαινα
1050 1445 1185 1499 πειθὼ]
1222 1446 1327 1485 Haec
1357 1461 1379 1486 e
1408 1460 1526 1486 versu
1559 1457 1651 1500 231.
1682 1452 1722 1484 et
1752 1458 1811 1498 sq.

378 1511 657 1559 illustrantur;
690 1511 760 1552 ubi
790 1511 954 1553 nefariae
985 1511 1215 1553 mortalium
1245 1511 1425 1553 audaciae
1452 1526 1576 1553 causa
1599 1511 1661 1551 his
1682 1510 1813 1552 verbis

378 1578 649 1620 reddebatur:

718 1662 902 1714 θρασύνει
920 1663 996 1713 γὰρ
1017 1663 1266 1715 αἰσχρόμητις

716 1729 883 1769 τάλαινα
901 1730 1106 1781 παρακοπὰ
1125 1729 1402 1781 πρωτοπήμων.

379 1843 435 1884 ibi
455 1844 581 1899 igitur
601 1844 734 1899 primo
753 1843 915 1894 delicto,
930 1843 1072 1899 primae
1093 1858 1226 1893 noxae,
1243 1847 1288 1900 τῇ
1309 1844 1521 1899 πρωτάρχῳ
1541 1845 1612 1900 ἄτῃ
1633 1859 1670 1885 ν.
1692 1857 1812 1899 1203.

379 1911 456 1951 hoc
489 1910 697 1960 tribuitur,
734 1920 780 1950 ut
816 1909 998 1950 homines
1030 1910 1083 1950 ad
1121 1910 1241 1966 plura
1278 1911 1469 1952 audenda
1505 1911 1738 1952 fidentiores
1775 1922 1814 1953 et

378 1976 590 2018 alacriores
618 1976 775 2017 reddat.
837 1976 1030 2017 Similiter
1058 1977 1100 2018 h.
1127 1977 1154 2018 l.
1193 1977 1342 2019 fiducia
1375 1977 1444 2018 il-la
1476 1978 1635 2034 poetico
1667 1978 1813 2034 spiritu

378 2044 461 2084 filia
481 2045 575 2087 ἄτας
594 2058 740 2098 nempe
759 2046 824 2094 τῆς
843 2042 1071 2096 πρωτάρχου
1090 2045 1331 2098 appellatur.
1389 2046 1497 2086 Nam
1525 2049 1816 2098 προβουλόπαις

379 2110 478 2151 nihil
499 2110 611 2151 aliud
631 2119 690 2151 est
710 2125 833 2165 quam
855 2111 1077 2162 πρόβουλος
1096 2114 1202 2160 παῖς,
1223 2111 1570 2166 quemadmodum
1590 2111 1816 2168 AEschylus

382 2177 568 2233 Choeph.
590 2189 686 2231 312.
709 2177 920 2229 αἰνοπάτηρ
941 2192 1016 2232 pro
1036 2177 1143 2220 αἰνὸς
1161 2178 1285 2231 πατὴρ
1305 2179 1452 2234 posuit,
1497 2180 1645 2234 Itaque
1664 2178 1816 2220 fiducia

379 2243 450 2284 illa
469 2259 491 2284 e
511 2243 626 2284 malis
644 2243 892 2285 facinoribus
912 2243 965 2282 ad
990 2242 1109 2298 plura
1131 2243 1320 2300 deinceps
1345 2246 1535 2286 audenda
1560 2246 1727 2288 τάλαινα
1746 2262 1814 2287 vo-

381 2320 511 2360 catur,
531 2310 585 2350 ob
611 2309 814 2350 miseriam
842 2309 937 2349 inde
965 2308 1193 2361 oriundam,
1215 2313 1381 2363 ἄφερτος
1409 2312 1462 2353 ob
1491 2312 1616 2368 hujus
1645 2312 1816 2354 miseriae

380 2377 719 2432 magnitudinem,
739 2391 834 2432 quae
853 2375 1014 2417 tolerari
1035 2375 1102 2416 vix
1122 2386 1268 2431 queat3
1301 2379 1538 2429 πρόβουλος,
1559 2379 1657 2434 quia
1674 2380 1814 2421 eadem

380 2443 532 2485 fiducia
551 2443 704 2484 homini
723 2442 888 2484 consilia
906 2443 959 2483 ad
980 2457 1086 2483 nova
1104 2442 1252 2484 delicta
1269 2443 1558 2486 subministrat.
1611 2445 1678 2486 Sic
1700 2447 1816 2487 Paris

379 2510 558 2566 primum
594 2510 664 2564 jus
697 2509 862 2565 hospitii
897 2508 1129 2559 violaverat,
1159 2509 1406 2551 matrimonii
1439 2511 1691 2552 sanctitatem
1722 2527 1816 2553 con-

381 2587 586 2627 temserat,
617 2578 730 2618 furto
769 2592 811 2618 se
845 2576 1094 2632 alligaverat,
1130 2576 1332 2618 Helenam
1372 2592 1467 2618 cum
1502 2578 1641 2620 multis
1668 2578 1816 2635 opibus

381 2644 568 2700 capiens;
602 2643 749 2685 deinde
777 2643 968 2700 quoniam
997 2659 1046 2685 ea
1074 2658 1138 2684 res
1165 2658 1217 2684 ex
1244 2643 1368 2684 animi
1403 2645 1600 2686 sententia
1628 2656 1814 2695 cesserat,

381 2726 429 2752 eo
459 2711 652 2766 processit
683 2710 877 2760 audaciae,
905 2720 951 2751 ut
981 2725 1064 2751 non
1094 2710 1224 2752 solum
1256 2725 1297 2751 se
1329 2711 1529 2752 Helenam
1560 2711 1816 2753 redditurum

381 2792 465 2823 esse
492 2787 671 2833 negaret,
693 2777 763 2818 sed
787 2777 990 2819 Priamum
1016 2793 1183 2833 quoque
1211 2787 1385 2833 patrem,
1407 2787 1640 2835 ceterosque
1670 2779 1818 2834 Troja-

381 2858 454 2884 nos
474 2843 747 2884 funestissimo
766 2843 873 2885 bello
892 2844 1128 2899 implicaret.
1161 2845 1288 2885 SCH.
