1962 3224
352 199 436 241 406
827 204 959 245 ANN
964 204 1248 247 ΟΤΑΤΙΟΝ
1253 207 1324 248 Es

413 325 429 351 1
442 322 533 366 195.
562 313 788 368 θυροκόπος]
811 315 930 355 Ostia
941 314 1137 370 pulsans,
1158 315 1271 371 quod
1291 315 1447 357 faciunt
1465 316 1609 371 stipem
1631 318 1787 359 mendi-

350 385 502 419 cantes.
534 379 762 420 BLOMF.

407 445 582 500 φλέδων]
604 446 843 502 Nugatrz‘oe.
875 448 1061 499 φλυαρία.
1094 448 1156 488 καὶ
1182 448 1203 487 ὁ
1231 448 1400 497 ἀλαζὼν,
1422 448 1569 500 εὐήθης.
1604 450 1787 505 Hesyoh.

350 511 572 552 Eustathio
602 511 654 553 ad
683 512 762 553 Od.
795 517 839 553 B.
870 528 911 568 p.
933 526 1054 568 1431,
1078 526 1147 566 49.
1181 512 1287 554 inter
1321 515 1472 565 δαίμονι
1508 516 1790 569 κατεχομένους

350 585 611 618 recensentur
632 578 803 629 ἐμμανὴς
829 579 891 618 καὶ
917 578 1086 630 φλέδων.
1118 579 1248 619 Recte
1268 580 1452 634 Etymol.
1474 581 1541 620 M.
1564 596 1603 636 p.
1626 584 1723 637 796,
1745 596 1787 637 3.

352 645 538 697 (accentu
556 653 689 685 tamen
711 644 808 696 alio)
831 646 1008 695 Φλεδών,
1030 645 1091 685 καὶ
1111 647 1344 697 φλεδωνεία,
1364 647 1388 696 ἡ
1407 647 1593 699 φλυαρία.
1623 648 1699 689 ἀπὸ
1720 652 1788 689 τοῦ

349 710 474 759 φλέω,
516 709 537 751 ὃ
579 712 640 751 καὶ
679 713 792 763 φλύω
831 710 1004 763 λέγεται,
1048 712 1196 763 ’γίνεται
1240 712 1398 764 φλεδών
1436 713 1498 753 καὶ
1546 716 1785 766 φλεδονεύω.

350 777 580 817 BLOMF.
641 776 916 832 Comparandi
938 791 1030 817 cum
1053 776 1115 816 his
1135 791 1175 816 v.
1194 787 1313 832 1273.
1334 787 1457 830 1274.

408 856 426 882 1
439 844 529 897 196.
552 843 858 898 ἐκμαρτύρησον]
883 843 944 884 καὶ
962 844 1207 895 μαρτύρησον
1229 845 1284 885 Τ.

404 909 450 948 τό
468 908 522 963 μ’]
546 910 720 949 Praestat
740 908 859 959 τούμ’.

409 976 528 1028 1198.
550 976 672 1027 ὅρκος,
694 977 828 1027 πῆγμα
848 976 1067 1016 Porsonus.
1098 975 1211 1027 ὅρκος
1229 977 1337 1027 πῆμα
1356 975 1461 1018 libri.
1517 978 1787 1020 Scribendum

348 1042 462 1093 ὅρκου
480 1041 613 1092 πῆγμα
632 1056 725 1082 cum
748 1042 925 1091 Aurato,
949 1041 1109 1082 sublato
1128 1041 1240 1097 quod
1261 1053 1353 1098 post
1380 1045 1507 1096 παγὲν
1526 1045 1704 1100 positum
1725 1055 1786 1087 est

347 1116 560 1148 commate.
632 1107 803 1147 Por-soni
843 1107 1086 1163 scripturam
1126 1108 1199 1163 qui
1240 1109 1481 1164 praeferunt,
1519 1113 1707 1154 παιώνιον
1742 1112 1784 1153 in

347 1175 530 1216 παιώνιος
549 1183 707 1214 mutare
727 1174 937 1215 debebunt
958 1189 1050 1215 cum
1072 1175 1121 1215 T.

408 1253 526 1294 1199.
550 1241 640 1294 σου]
665 1241 821 1296 Aptius
843 1240 937 1281 huic
956 1241 1043 1281 loco
1062 1250 1121 1281 est
1143 1257 1203 1288 σε,
1225 1241 1336 1296 quod
1358 1242 1528 1298 conjecit
1549 1245 1750 1287 Auratus.

408 1318 698 1361 1203—1205.
721 1307 780 1347 Hi
801 1322 940 1347 versus
958 1306 998 1347 in
1022 1308 1075 1347 T.
1098 1307 1153 1348 sic
1175 1318 1270 1348 sunt
1290 1309 1522 1364 transpositi

798 1377 901 1414 Κασ.
920 1377 1004 1425 μῶν
1024 1373 1086 1414 καὶ
1104 1398 1161 1404 --

796 1443 870 1480 Χο.
891 1443 1034 1492 προτοῦ
1055 1463 1110 1470 -—

795 1510 868 1547 Χο.
889 1507 1102 1559 βαρύνεται
1121 1530 1178 1538 —-

347 1570 417 1611 ubi
437 1569 695 1611 manifestum
716 1578 776 1610 est
795 1585 1060 1625 personarum
1081 1570 1188 1611 vices
1211 1569 1354 1611 calami
1383 1570 1499 1626 lapsu
1529 1587 1614 1613 esse
1642 1574 1783 1615 turba-

345 1646 429 1678 tas:
462 1651 554 1677 nam
582 1635 805 1677 Triolinius
829 1636 947 1677 scribi
971 1637 1167 1687 voluerat,
1189 1641 1262 1678 Χο.
1286 1640 1389 1679 Κασ.
1409 1641 1483 1678 Χο.
1513 1647 1554 1679 et
1580 1639 1657 1681 hoo
1682 1641 1782 1682 mihi

344 1718 455 1744 nuno
475 1718 616 1744 verum
640 1703 813 1743 videtur.

404 1781 527 1825 1205.
551 1770 780 1823 ἁβρύνεται]
803 1770 1016 1822 βαρύνεται
1038 1770 1095 1810 Τ.

403 1848 523 1892 1207.
554 1837 736 1891 ἤλθετον]
770 1836 1040 1878 scribendum
1070 1836 1239 1888 ἠλθέτην
1267 1852 1360 1878 cum
1389 1837 1585 1880 Elmsleio
1613 1839 1666 1880 ad
1686 1840 1781 1881 Ari-

343 1905 478 1961 stoph.
501 1905 686 1946 Acharn.
709 1917 806 1959 733.

400 1972 520 2027 νόμῳ]
541 1973 637 2023 ὁμοῦ
659 1971 866 2012 Butlerus.

402 2050 524 2081 1211.
547 2039 687 2080 ἄνατος
707 2038 924 2078 Canterus.
955 2037 1120 2081 ἄνακτος
1139 2036 1246 2078 libri.

398 2105 511 2160 κότῳ]
533 2105 645 2146 κότου
668 2104 950 2156 Blomfieldus,
972 2103 1118 2145 collato
1140 2103 1268 2160 Soph.
1292 2104 1396 2146 OEd.
1420 2104 1511 2146 Col.
1534 2105 1585 2159 78
1587 2116 1628 2160 5.
1663 2107 1778 2150 πόλις

340 2172 385 2214 δέ
405 2189 469 2213 σοι
490 2176 615 2213 κακῶν
636 2173 790 2214 ἄνατος.

402 2251 520 2282 1212.
542 2237 664 2278 οὐδέν’
687 2239 901 2278 Canterus.
933 2238 1046 2279 οὐδὲν
1065 2237 1172 2278 libri.

400 2308 522 2347 1216.
554 2305 748 2359 ε’φημίοις]
782 2303 998 2356 ἐφημένους
1018 2305 1120 2345 Ven.
1151 2293 1367 2357 e’cfirme'voiis
1392 2305 1446 2344 Τ.
1508 2305 1776 2347 Manifestum

338 2380 399 2412 est
426 2372 505 2412 hoc
525 2369 768 2411 vocabulum
799 2385 851 2410 ex
879 2370 1066 2425 proximo
1085 2385 1205 2410 versu
1236 2370 1388 2411 librarii
1417 2385 1552 2411 errore
1580 2386 1665 2413 esse
1692 2372 1778 2414 illa-

338 2448 440 2480 tum.
501 2439 649 2492 Itaque
669 2435 803 2476 deleto
822 2451 870 2476 eo
890 2436 1051 2491 signum
1074 2436 1232 2477 lacunae
1251 2445 1311 2477 est
1330 2437 1581 2492 ponendum.

397 2517 517 2557 1217.
550 2502 791 2544 Cassandrae
811 2502 981 2542 offertur
1001 2501 1146 2553 visum,
1167 2503 1280 2558 quod
1309 2502 1345 2543 ei
1374 2503 1551 2545 ostendit
1574 2504 1776 2560 juvenum

337 2571 504 2612 umbras
532 2569 691 2611 aedibus
715 2569 835 2610 Atrei
865 2568 1098 2619 assidentes,
1129 2569 1328 2625 Thyestae
1353 2570 1572 2625 puerisfad
1604 2571 1774 2626 speciem

337 2637 500 2688 similes,
519 2651 566 2678 ao
581 2636 735 2677 viscera
747 2650 969 2691 carnesque
984 2651 1008 2676 a
1028 2644 1152 2692 patre.
1164 2645 1349 2692 gustatas
1363 2646 1620 2680 ostentantes.
1644 2639 1774 2680 SCH.

397 2717 520 2746 1221.
543 2703 630 2757 σὺν]
655 2702 923 2743 Scribendum
945 2700 1017 2752 ξὺν
1036 2716 1131 2743 oum
1152 2704 1352 2744 Porsono.

396 2783 517 2822 1224.
538 2768 666 2810 λέοντ’
689 2770 854 2810 ἄναλκιν
873 2768 1046 2824 opponit
1063 2768 1197 2811 λέοντι
1217 2769 1382 2822 εὐγενεῖ,
1397 2785 1458 2813 sc.
1471 2771 1774 2827 Agamemnoni

335 2852 374 2876 v.
397 2849 518 2891 1259.
551 2835 779 2877 BLOMF.
