1962 3224
379 201 462 240 480
853 201 1344 242 ANNOTATIONES

431 309 526 362 657.
549 309 643 349 Non
665 308 823 360 οἰκέτης,
846 309 916 350 sed
939 313 1043 358 παῖς,
1065 308 1178 364 apud
1208 309 1491 350 Robortellum
1523 309 1757 350 nominatur
1774 309 1808 350 is

372 373 446 429 qui
466 374 576 415 hunc
596 389 755 415 versum
776 374 1027 430 pronuntiat.
1065 375 1160 415 Non
1182 374 1356 416 multum
1378 375 1555 416 interest.
1578 374 1805 416 BLOMF.

432 441 523 488 εἶεν,
546 440 690 495 ἀκούω]
713 442 951 482 Notandum
970 442 1049 483 εἶεν
1070 457 1143 495 pro
1161 442 1340 496 spondeo
1359 442 1533 496 positum
1555 442 1595 482 in
1617 441 1807 492 formula,

373 517 420 548 ut
448 506 624 556 videtur,
664 507 816 548 solenni
850 508 928 548 εἶεν
968 509 1103 549 ἀκούω.
1163 507 1321 548 Eodem
1353 508 1475 548 modo
1509 508 1807 563 Aristophanes

374 574 471 614 Pac.
507 575 604 628 663.
639 574 731 622 εἶεν,
773 575 910 615 ἀκούω·
946 573 1048 614 ταῦτ’
1088 575 1308 621 ἐπικαλεῖς;
1351 575 1548 626 μανθάνω.
1610 575 1675 616 Sic
1714 574 1806 615 libri

372 639 515 696 optimi
536 648 576 680 et
596 639 819 681 scholiasta.
871 639 1008 695 Vulgo
1029 640 1108 681 εἶέν
1127 639 1176 693 γ’,
1199 642 1334 681 ἀκούω.

430 705 618 759 ποδαπὸς]
638 705 812 748 ποδαπὸς
831 707 852 746 ὁ
873 705 1010 756 ξένος;
1042 707 1188 753 πόθεν;
1221 706 1370 762 Eurip.
1393 706 1461 747 El.
1485 717 1577 760 774.
1599 706 1760 760 χαίρετ’,
1777 706 1806 747 ὦ

372 771 495 822 ξένοι,
516 773 631 821 τίνες,
654 774 786 812 Πόθεν
805 773 1088 824 πορεύεσθ’-;
1122 772 1194 813 ubi
1212 773 1294 814 vid.
1321 773 1489 814 Seidler.
1521 775 1747 815 BLOMF.

430 840 527 879 660.
559 837 717 892 τάχυνε]
742 839 931 878 Festina.
964 839 1076 879 Pers.
1099 839 1193 892 698.
1224 839 1368 892 τάχυνε
1397 839 1442 890 δ’,
1474 841 1524 883 ὡς
1552 841 1747 891 ἄμεμπτος
1775 839 1805 880 ὦ

373 906 530 958 χρόνου.
574 903 764 959 Sophocl.
795 904 896 945 OEd.
930 905 978 945 C.
1002 917 1094 957 219.
1124 908 1251 958 μακρὰ
1278 906 1485 956 μέλλετον,
1517 907 1623 947 ἀλλὰ
1650 906 1805 960 τάχυνε.

373 971 445 1012 ubi
464 970 546 1013 vid.
565 970 818 1011 Elmsleium.
852 971 1080 1012 BLOMF.

430 1040 528 1079 661.
551 1039 649 1092 ὥρα]
673 1039 768 1089 ὧραι
789 1038 851 1078 Μ.
876 1037 1018 1078 Guelf.
1042 1037 1143 1079 Ald.
1166 1039 1273 1079 Rob.

429 1105 637 1160 ἐμπόρους]
673 1106 784 1145 Bene
817 1104 972 1145 notavit
1005 1104 1220 1155 Stanleius‚
1262 1105 1493 1146 Homerum
1528 1105 1632 1146 hanc
1668 1120 1806 1147 vocem

374 1186 452 1212 non
483 1186 559 1227 pro
579 1180 814 1221 mercatore,
836 1178 883 1211 ut
903 1171 1052 1226 posteri
1073 1171 1223 1220 Graeci,
1245 1170 1313 1211 sed
1339 1186 1416 1226 pro
1435 1180 1595 1212 vectore
1616 1171 1805 1228 simplici-

373 1247 434 1279 ter
455 1253 617 1293 ponere,
638 1253 722 1293 quo
741 1253 860 1278 sensu
881 1238 933 1278 ab
955 1237 1155 1294 AEschylo
1177 1246 1411 1293 usurpatur.
1443 1238 1670 1279 BLOMF.

427 1304 603 1356 μεθιέναι
621 1304 810 1357 (καθιέναι
825 1304 1109 1359 Musgravius)
1134 1303 1319 1358 ἄγκυραν]
1342 1303 1580 1354 Scholiasta,
1601 1305 1672 1356 τὴν
1691 1305 1805 1358 ἄγκυ-

371 1388 446 1423 ραν
463 1372 724 1424 προσορμίσαι
742 1370 830 1413 τοὺς
849 1371 1074 1422 ὁδοιπόρους
1093 1370 1178 1411 ἀντὶ
1197 1374 1264 1410 τοῦ
1286 1374 1514 1412 καταλῦσαι.

431 1439 527 1492 663.
557 1438 818 1493 τελεσφόρος]
851 1438 1087 1492 Perficiens.
1127 1438 1271 1477 Mater
1291 1438 1495 1491 ‘familias
1524 1437 1644 1479 vertit
1673 1438 1808 1479 Abre-

373 1504 520 1554 schius,
541 1502 707 1544 laudato
735 1503 959 1558 Hesychio,
985 1504 1241 1556 Τελεσφόρος
1274 1503 1400 1546 οἶκοςτ
1442 1507 1509 1544 τοῦ
1543 1505 1805 1557 γεγαμηκότος

374 1571 435 1611 καὶ
464 1572 741 1613 τεκνώσαντος.
793 1570 947 1610 Contra
976 1571 1091 1620 δόμος
1119 1569 1299 1620 ἡμιτελής
1328 1579 1428 1619 erat,
1449 1585 1577 1625 quum
1600 1570 1660 1611 vel
1690 1580 1806 1626 pater

373 1638 434 1678 vel
466 1647 593 1678 mater
621 1636 794 1678 familias
821 1636 927 1676 diem
958 1635 1142 1676 obiisset:
1177 1637 1349 1676 Homer.
1381 1635 1433 1677 Il.
1459 1641 1501 1677 Β.
1529 1647 1624 1690 700.
1651 1641 1732 1678 Τοῦ
1763 1639 1805 1678 δὲ

373 1705 435 1745 καὶ
464 1704 710 1757 ἀμφιδρυφὴς
739 1704 886 1755 ἄλοχος
915 1701 1076 1753 Φυλάκη
1108 1701 1326 1752 ἐλέλειπτο,
1361 1703 1437 1743 Καὶ
1467 1704 1582 1754 δόμος
1611 1703 1803 1755 ἡμιτελής·

371 1771 442 1812 ubi
462 1770 653 1812 Eustath.
674 1770 787 1812 τέλος
807 1771 828 1809 ὁ
848 1768 982 1821 γάμος,
1005 1769 1096 1809 ὅθεν
1115 1769 1286 1812 τελείους
1313 1769 1401 1812 τοὺς
1419 1770 1686 1822 γεγαμηκότας
1715 1771 1804 1811 ἕλε·

371 1854 456 1890 γον.
519 1838 625 1878 Rem
658 1835 875 1876 illustravit
908 1834 1184 1875 Ruhnkenius
1221 1834 1275 1875 ad
1310 1835 1459 1876 Timaei
1494 1836 1597 1876 Lex.
1634 1851 1673 1892 p.
1709 1849 1802 1890 225.

373 1905 515 1944 Potest
548 1912 683 1944 tamen
718 1903 959 1954 τελεσφόρος
997 1902 1038 1941 in
1072 1901 1149 1941 hoc
1176 1901 1265 1941 loco
1298 1901 1400 1941 nihil
1432 1901 1543 1942 aliud
1579 1901 1805 1957 significare

371 1985 495 2025 quam
516 1970 590 2010 illa
609 1983 731 2025 quam
748 1982 873 2024 penes
896 1974 955 2008 est
969 1970 1052 2023 jus
1078 1968 1333 2023 perficiendi.
1385 1967 1519 2009 Schol.
1539 1969 1803 2021 τελεσφόρος;

371 2036 552 2090 ἀρχηγὸς,
575 2034 775 2086 διοικητής.
823 2035 1051 2074 BLOMF.

428 2104 522 2154 664.
537 2101 748 2155 τόπαρχος]
764 2082 962 2153 τάπαρχος
982 2101 1046 2140 Μ.
1078 2100 1274 2152 τᾶπαρχος
1294 2099 1406 2139 Rob.

427 2170 460 2210 δ”
481 2171 617 2210 Turn.
643 2168 784 2222 Steph.
816 2166 846 2206 τ’
867 2166 958 2207 libri
979 2166 1138 2221 reliqui.

429 2238 524 2290 665.
547 2235 674 2288 αἰδὼς]
706 2233 849 2274 Pudor
869 2234 1032 2274 vetabat
1051 2246 1253 2273 sermones
1270 2246 1360 2271 cum
1392 2230 1495 2271 alius
1522 2231 1654 2272 mariti
1678 2246 1804 2273 uxore

370 2317 590 2344 conserere.
620 2299 769 2354 Eurip.
792 2299 886 2354 Iph.
910 2301 964 2340 A.
988 2300 1037 2353 83
1042 2309 1083 2353 5.
1107 2297 1283 2350 Αἷσχρὸν
1303 2297 1346 2338 δέ
1364 2313 1430 2348 μοι
1449 2296 1603 2350 γυναιξὶ
1621 2297 1805 2349 συμβάλ-

369 2375 456 2410 λειν
475 2368 629 2420 λόγους.
663 2366 892 2406 BLOMF.

427 2435 511 2488 οὐκ]
547 2434 695 2488 Inepte
724 2431 947 2480 scholiasta,
971 2429 1176 2477 πλεονάζει
1204 2429 1227 2480 ἡ
1257 2429 1312 2469 οὐ.
1363 2429 1492 2470 Recte
1513 2438 1650 2470 monet
1669 2429 1804 2471 Abre-

371 2500 506 2542 schius
544 2499 646 2539 illud
691 2499 735 2539 οὐ
775 2497 827 2538 ad
877 2498 1026 2548 τίθησιν
1074 2495 1290 2551 pertinere,
1327 2510 1408 2536 non
1457 2495 1510 2536 ad
1553 2496 1800 2549 ἐπαργέμους.

373 2567 600 2607 BLOMF.

429 2634 524 2674 668.
547 2633 647 2685 KA.]
669 2634 748 2683 θερ.
774 2631 818 2684 (i.
840 2646 873 2671 e.
896 2628 1127 2681 θεράπαινα)
1150 2628 1259 2669 Rob.

429 2701 524 2752 670.
547 2700 667 2750 θερμὰ
687 2697 849 2750 λουτρὰ]
875 2694 1164 2736 Andromache
1183 2694 1224 2734 in
1248 2693 1378 2735 Iliade
1396 2698 1446 2735 X.
1465 2705 1561 2746 442.
1579 2692 1749 2734 Κέκλετο
1770 2692 1801 2733 δ’

374 2768 657 2819 ἀμφιπόλοισιν
679 2763 934 2814 ἐϋπλοκάμοις
964 2764 1059 2802 κατὰ
1083 2765 1188 2812 δῶμα
1206 2761 1328 2813 Ἀμφὶ
1357 2762 1445 2813 πυρὶ
1474 2763 1616 2810 στῆσαι
1644 2761 1804 2811 τρίποδα

374 2833 511 2886 μέγαν,
543 2834 648 2884 ὄφρα
675 2830 835 2872 πέλοιτο
858 2828 1017 2880 ’Ἐκτορι
1047 2830 1168 2881 θερμὰ
1196 2830 1339 2880 λοετρὰ
1362 2827 1486 2880 μάχης
1513 2826 1801 2877 ἐκνοστήσαντι.
