<?xml version="1.0" encoding="UTF-8"?>
<!DOCTYPE html PUBLIC "-//W3C//DTD XHTML 1.0 Transitional//EN"
    "http://www.w3.org/TR/xhtml1/DTD/xhtml1-transitional.dtd">
<html xmlns="http://www.w3.org/1999/xhtml" xml:lang="en" lang="en">
 <head>
  <title>
</title>
<meta http-equiv="Content-Type" content="text/html;charset=utf-8" />
  <meta name='ocr-system' content='tesseract 3.04.00' />
  <meta name='ocr-capabilities' content='ocr_page ocr_carea ocr_par ocr_line ocrx_word'/>
</head>
<body>
  <div class='ocr_page' id='page_1' title='image "./p2tragoediaesupe02aescuoft_0013.png"; bbox 0 0 1962 3224; ppageno 0'>
   <div class='ocr_carea' id='block_1_1' title="bbox 527 183 1602 230">
    <p class='ocr_par' dir='ltr' id='par_1_1' title="bbox 527 183 1602 230">
     <span class='ocr_line' id='line_1_1' title="bbox 527 183 1602 230; baseline 0.002 -2"><span class='ocrx_word' id='word_1_1' title='bbox 527 185 618 228; x_wconf 87' lang='lat' dir='ltr'>AD</span> <span class='ocrx_word' id='word_1_2' title='bbox 648 183 1185 228; x_wconf 84' lang='lat' dir='ltr'>AGAMEMNONEM.</span> <span class='ocrx_word' id='word_1_3' title='bbox 1514 184 1602 230; x_wconf 72' lang='lat'>329</span> 
     </span>
    </p>
   </div>
   <div class='ocr_carea' id='block_1_2' title="bbox 116 297 1599 2991">
    <p class='ocr_par' dir='ltr' id='par_1_2' title="bbox 123 297 1599 832">
     <span class='ocr_line' id='line_1_2' title="bbox 126 297 1599 356; baseline -0.001 -15"><span class='ocrx_word' id='word_1_4' title='bbox 126 298 296 342; x_wconf 60' lang='lat' dir='ltr'>calatin.</span> <span class='ocrx_word' id='word_1_5' title='bbox 325 297 513 356; x_wconf 84' lang='lat' dir='ltr'>Hesyeh.</span> <span class='ocrx_word' id='word_1_6' title='bbox 543 300 786 354; x_wconf 83' lang='grc' dir='ltr'>Φρυκτωρία·</span> <span class='ocrx_word' id='word_1_7' title='bbox 821 300 1006 354; x_wconf 69' lang='grc' dir='ltr'>πυρκαϊὰ,</span> <span class='ocrx_word' id='word_1_8' title='bbox 1033 301 1216 353; x_wconf 81' lang='grc' dir='ltr'>πυρσεῖα,</span> <span class='ocrx_word' id='word_1_9' title='bbox 1245 299 1422 350; x_wconf 77' lang='grc' dir='ltr'>λαμπὰς,</span> <span class='ocrx_word' id='word_1_10' title='bbox 1451 300 1599 342; x_wconf 88' lang='grc' dir='ltr'>καῦσις.</span> 
     </span>
     <span class='ocr_line' id='line_1_3' title="bbox 128 365 1599 424; baseline -0.002 -15"><span class='ocrx_word' id='word_1_11' title='bbox 128 367 377 424; x_wconf 81' lang='lat' dir='ltr'>Harpocrat.</span> <span class='ocrx_word' id='word_1_12' title='bbox 399 371 648 421; x_wconf 88' lang='grc' dir='ltr'>Φρυκτωρεῖν</span> <span class='ocrx_word' id='word_1_13' title='bbox 667 368 754 409; x_wconf 79' lang='grc' dir='ltr'>ἐστι</span> <span class='ocrx_word' id='word_1_14' title='bbox 775 368 913 421; x_wconf 82' lang='grc' dir='ltr'>κυρίως</span> <span class='ocrx_word' id='word_1_15' title='bbox 935 366 980 408; x_wconf 86' lang='grc' dir='ltr'>τὸ</span> <span class='ocrx_word' id='word_1_16' title='bbox 1008 369 1073 409; x_wconf 80' lang='grc' dir='ltr'>διὰ</span> <span class='ocrx_word' id='word_1_17' title='bbox 1099 370 1260 420; x_wconf 79' lang='grc' dir='ltr'>πυρσῶν</span> <span class='ocrx_word' id='word_1_18' title='bbox 1281 365 1599 417; x_wconf 86' lang='grc' dir='ltr'>ἆνατεινομένων</span> 
     </span>
     <span class='ocr_line' id='line_1_4' title="bbox 126 434 1598 493; baseline -0.002 -15"><span class='ocrx_word' id='word_1_19' title='bbox 126 437 334 488; x_wconf 78' lang='grc' dir='ltr'>σημαίνειν</span> <span class='ocrx_word' id='word_1_20' title='bbox 343 438 488 479; x_wconf 85' lang='grc' dir='ltr'>ὁτιοῦν.</span> <span class='ocrx_word' id='word_1_21' title='bbox 517 438 740 492; x_wconf 83' lang='grc' dir='ltr'>Δείναρχος</span> <span class='ocrx_word' id='word_1_22' title='bbox 751 438 797 479; x_wconf 77' lang='grc' dir='ltr'>ἐν</span> <span class='ocrx_word' id='word_1_23' title='bbox 809 439 855 493; x_wconf 77' lang='grc' dir='ltr'>τῇ</span> <span class='ocrx_word' id='word_1_24' title='bbox 869 437 1065 490; x_wconf 83' lang='grc' dir='ltr'>Αἰσχίνου</span> <span class='ocrx_word' id='word_1_25' title='bbox 1079 434 1295 490; x_wconf 74' lang='grc' dir='ltr'>συνηγορίᾳ</span> <span class='ocrx_word' id='word_1_26' title='bbox 1308 435 1407 475; x_wconf 80' lang='grc' dir='ltr'>κατὰ</span> <span class='ocrx_word' id='word_1_27' title='bbox 1420 434 1598 476; x_wconf 86' lang='grc' dir='ltr'>Δεινίου.</span> 
     </span>
     <span class='ocr_line' id='line_1_5' title="bbox 127 501 1595 562; baseline -0.001 -18"><span class='ocrx_word' id='word_1_28' title='bbox 127 503 326 561; x_wconf 86' lang='lat' dir='ltr'>Thucyd.</span> <span class='ocrx_word' id='word_1_29' title='bbox 346 517 391 560; x_wconf 85' lang='lat'>3,</span> <span class='ocrx_word' id='word_1_30' title='bbox 415 516 482 548; x_wconf 84' lang='lat'>22.</span> <span class='ocrx_word' id='word_1_31' title='bbox 508 506 678 559; x_wconf 87' lang='grc' dir='ltr'>φρυκτοί</span> <span class='ocrx_word' id='word_1_32' title='bbox 702 521 746 546; x_wconf 93' lang='grc' dir='ltr'>τε</span> <span class='ocrx_word' id='word_1_33' title='bbox 774 503 917 562; x_wconf 81' lang='grc' dir='ltr'>ᾔροντο</span> <span class='ocrx_word' id='word_1_34' title='bbox 947 506 989 548; x_wconf 79' lang='grc' dir='ltr'>ἐς</span> <span class='ocrx_word' id='word_1_35' title='bbox 1018 506 1087 548; x_wconf 74' lang='grc' dir='ltr'>τὰς</span> <span class='ocrx_word' id='word_1_36' title='bbox 1108 503 1254 556; x_wconf 80' lang='grc' dir='ltr'>Θήβας</span> <span class='ocrx_word' id='word_1_37' title='bbox 1283 501 1482 554; x_wconf 88' lang='grc' dir='ltr'>πολέμιοι.</span> <span class='ocrx_word' id='word_1_38' title='bbox 1515 518 1595 543; x_wconf 87' lang='grc' dir='ltr'>πα-</span> 
     </span>
     <span class='ocr_line' id='line_1_6' title="bbox 123 570 1597 626; baseline -0.003 -13"><span class='ocrx_word' id='word_1_39' title='bbox 123 570 320 626; x_wconf 83' lang='grc' dir='ltr'>ρᾶνισχον</span> <span class='ocrx_word' id='word_1_40' title='bbox 339 573 383 614; x_wconf 81' lang='grc' dir='ltr'>δὲ</span> <span class='ocrx_word' id='word_1_41' title='bbox 404 573 468 614; x_wconf 91' lang='grc' dir='ltr'>καὶ</span> <span class='ocrx_word' id='word_1_42' title='bbox 487 574 526 614; x_wconf 80' lang='grc' dir='ltr'>οἱ</span> <span class='ocrx_word' id='word_1_43' title='bbox 546 573 590 614; x_wconf 81' lang='grc' dir='ltr'>ἐκ</span> <span class='ocrx_word' id='word_1_44' title='bbox 608 575 675 624; x_wconf 82' lang='grc' dir='ltr'>τῆς</span> <span class='ocrx_word' id='word_1_45' title='bbox 693 573 848 616; x_wconf 82' lang='grc' dir='ltr'>πόλεως</span> <span class='ocrx_word' id='word_1_46' title='bbox 868 573 1074 623; x_wconf 84' lang='grc' dir='ltr'>Πλαταιῇς</span> <span class='ocrx_word' id='word_1_47' title='bbox 1094 570 1172 613; x_wconf 83' lang='grc' dir='ltr'>ἀπὸ</span> <span class='ocrx_word' id='word_1_48' title='bbox 1192 573 1262 611; x_wconf 87' lang='grc' dir='ltr'>τοῦ</span> <span class='ocrx_word' id='word_1_49' title='bbox 1288 570 1445 624; x_wconf 82' lang='grc' dir='ltr'>τείχους</span> <span class='ocrx_word' id='word_1_50' title='bbox 1473 574 1597 622; x_wconf 82' lang='grc' dir='ltr'>φρυκ-</span> 
     </span>
     <span class='ocr_line' id='line_1_7' title="bbox 125 636 1599 695; baseline -0.001 -14"><span class='ocrx_word' id='word_1_51' title='bbox 125 639 216 683; x_wconf 82' lang='grc' dir='ltr'>τοὺς</span> <span class='ocrx_word' id='word_1_52' title='bbox 246 640 434 689; x_wconf 79' lang='grc' dir='ltr'>πολλοὺς,</span> <span class='ocrx_word' id='word_1_53' title='bbox 465 642 658 695; x_wconf 86' lang='grc' dir='ltr'>πρότερον</span> <span class='ocrx_word' id='word_1_54' title='bbox 687 639 1086 694; x_wconf 85' lang='grc' dir='ltr'>παρεσκευασμένους</span> <span class='ocrx_word' id='word_1_55' title='bbox 1122 639 1163 682; x_wconf 80' lang='grc' dir='ltr'>ἐς</span> <span class='ocrx_word' id='word_1_56' title='bbox 1195 636 1291 679; x_wconf 81' lang='grc' dir='ltr'>αὐτὸ</span> <span class='ocrx_word' id='word_1_57' title='bbox 1327 639 1455 684; x_wconf 84' lang='grc' dir='ltr'>τοῦτο,</span> <span class='ocrx_word' id='word_1_58' title='bbox 1493 637 1599 679; x_wconf 84' lang='grc' dir='ltr'>ὅπως</span> 
     </span>
     <span class='ocr_line' id='line_1_8' title="bbox 124 703 1599 764; baseline -0.003 -15"><span class='ocrx_word' id='word_1_59' title='bbox 124 708 264 763; x_wconf 85' lang='grc' dir='ltr'>ἆσαφῆ</span> <span class='ocrx_word' id='word_1_60' title='bbox 283 711 333 751; x_wconf 76' lang='grc' dir='ltr'>τὰ</span> <span class='ocrx_word' id='word_1_61' title='bbox 352 714 497 762; x_wconf 86' lang='grc' dir='ltr'>σημεῖα</span> <span class='ocrx_word' id='word_1_62' title='bbox 516 712 585 762; x_wconf 87' lang='grc' dir='ltr'>τῆς</span> <span class='ocrx_word' id='word_1_63' title='bbox 603 710 848 764; x_wconf 86' lang='grc' dir='ltr'>φρυκτωρίας</span> <span class='ocrx_word' id='word_1_64' title='bbox 877 711 960 752; x_wconf 80' lang='grc' dir='ltr'>τοῖς</span> <span class='ocrx_word' id='word_1_65' title='bbox 989 707 1196 759; x_wconf 89' lang='grc' dir='ltr'>πολεμίοις</span> <span class='ocrx_word' id='word_1_66' title='bbox 1227 707 1302 757; x_wconf 74' lang='grc' dir='ltr'>εἴη,</span> <span class='ocrx_word' id='word_1_67' title='bbox 1326 705 1391 747; x_wconf 85' lang='grc' dir='ltr'>καὶ</span> <span class='ocrx_word' id='word_1_68' title='bbox 1418 703 1472 757; x_wconf 79' lang='grc' dir='ltr'>μὴ</span> <span class='ocrx_word' id='word_1_69' title='bbox 1500 708 1599 756; x_wconf 87' lang='grc' dir='ltr'>βοη-</span> 
     </span>
     <span class='ocr_line' id='line_1_9' title="bbox 125 776 948 832; baseline 0 -15"><span class='ocrx_word' id='word_1_70' title='bbox 125 779 245 818; x_wconf 81' lang='grc' dir='ltr'>θοῖεν.</span> <span class='ocrx_word' id='word_1_71' title='bbox 266 777 320 819; x_wconf 85' lang='lat' dir='ltr'>cf.</span> <span class='ocrx_word' id='word_1_72' title='bbox 340 793 376 820; x_wconf 88' lang='lat' dir='ltr'>c.</span> <span class='ocrx_word' id='word_1_73' title='bbox 399 778 467 819; x_wconf 90' lang='lat'>80.</span> <span class='ocrx_word' id='word_1_74' title='bbox 488 786 531 819; x_wconf 89' lang='lat' dir='ltr'>et</span> <span class='ocrx_word' id='word_1_75' title='bbox 552 789 592 829; x_wconf 84' lang='lat'>2,</span> <span class='ocrx_word' id='word_1_76' title='bbox 613 790 681 832; x_wconf 93' lang='lat'>94.</span> <span class='ocrx_word' id='word_1_77' title='bbox 714 776 948 819; x_wconf 87' lang='lat' dir='ltr'>BLOMF.</span> 
     </span>
    </p>

    <p class='ocr_par' dir='ltr' id='par_1_3' title="bbox 117 839 1597 2467">
     <span class='ocr_line' id='line_1_10' title="bbox 179 839 1597 901; baseline -0.005 -14"><span class='ocrx_word' id='word_1_78' title='bbox 179 845 249 901; x_wconf 86' lang='lat'>36.</span> <span class='ocrx_word' id='word_1_79' title='bbox 288 849 389 898; x_wconf 82' lang='grc' dir='ltr'>βοῦς</span> <span class='ocrx_word' id='word_1_80' title='bbox 423 846 488 888; x_wconf 79' lang='grc' dir='ltr'>ἐπὶ</span> <span class='ocrx_word' id='word_1_81' title='bbox 521 845 707 901; x_wconf 82' lang='grc' dir='ltr'>γλώσσῃ]</span> <span class='ocrx_word' id='word_1_82' title='bbox 747 842 1023 886; x_wconf 88' lang='lat' dir='ltr'>Proverbium</span> <span class='ocrx_word' id='word_1_83' title='bbox 1061 841 1323 884; x_wconf 84' lang='lat' dir='ltr'>notissimum</span> <span class='ocrx_word' id='word_1_84' title='bbox 1358 840 1411 882; x_wconf 88' lang='lat' dir='ltr'>de</span> <span class='ocrx_word' id='word_1_85' title='bbox 1443 839 1492 882; x_wconf 84' lang='lat' dir='ltr'>iis</span> <span class='ocrx_word' id='word_1_86' title='bbox 1521 839 1597 897; x_wconf 89' lang='lat' dir='ltr'>qui</span> 
     </span>
     <span class='ocr_line' id='line_1_11' title="bbox 121 908 1594 970; baseline -0.004 -15"><span class='ocrx_word' id='word_1_87' title='bbox 121 912 299 969; x_wconf 80' lang='lat' dir='ltr'>pecunia</span> <span class='ocrx_word' id='word_1_88' title='bbox 324 912 511 970; x_wconf 87' lang='lat' dir='ltr'>corrupti</span> <span class='ocrx_word' id='word_1_89' title='bbox 540 928 589 955; x_wconf 88' lang='lat' dir='ltr'>ea</span> <span class='ocrx_word' id='word_1_90' title='bbox 619 922 770 964; x_wconf 89' lang='lat' dir='ltr'>tacent,</span> <span class='ocrx_word' id='word_1_91' title='bbox 791 928 889 969; x_wconf 87' lang='lat' dir='ltr'>quae</span> <span class='ocrx_word' id='word_1_92' title='bbox 918 911 1058 969; x_wconf 85' lang='lat' dir='ltr'>eloqui</span> <span class='ocrx_word' id='word_1_93' title='bbox 1087 920 1130 953; x_wconf 87' lang='lat' dir='ltr'>et</span> <span class='ocrx_word' id='word_1_94' title='bbox 1159 909 1337 968; x_wconf 85' lang='lat' dir='ltr'>prodere</span> <span class='ocrx_word' id='word_1_95' title='bbox 1367 908 1594 950; x_wconf 88' lang='lat' dir='ltr'>deberent:</span> 
     </span>
     <span class='ocr_line' id='line_1_12' title="bbox 123 976 1595 1038; baseline -0.003 -16"><span class='ocrx_word' id='word_1_96' title='bbox 123 980 368 1023; x_wconf 82' lang='lat' dir='ltr'>translatum</span> <span class='ocrx_word' id='word_1_97' title='bbox 389 981 540 1023; x_wconf 92' lang='lat' dir='ltr'>deinde</span> <span class='ocrx_word' id='word_1_98' title='bbox 559 981 614 1023; x_wconf 87' lang='lat' dir='ltr'>ad</span> <span class='ocrx_word' id='word_1_99' title='bbox 633 981 740 1032; x_wconf 91' lang='lat' dir='ltr'>illos,</span> <span class='ocrx_word' id='word_1_100' title='bbox 757 981 831 1038; x_wconf 93' lang='lat' dir='ltr'>qui</span> <span class='ocrx_word' id='word_1_101' title='bbox 851 989 1023 1038; x_wconf 86' lang='lat' dir='ltr'>propter</span> <span class='ocrx_word' id='word_1_102' title='bbox 1043 979 1233 1021; x_wconf 89' lang='lat' dir='ltr'>timorem</span> <span class='ocrx_word' id='word_1_103' title='bbox 1252 977 1337 1020; x_wconf 87' lang='lat' dir='ltr'>sive</span> <span class='ocrx_word' id='word_1_104' title='bbox 1351 977 1407 1019; x_wconf 94' lang='lat' dir='ltr'>ob</span> <span class='ocrx_word' id='word_1_105' title='bbox 1426 976 1595 1018; x_wconf 84' lang='lat' dir='ltr'>mulctae</span> 
     </span>
     <span class='ocr_line' id='line_1_13' title="bbox 122 1044 1594 1106; baseline -0.003 -17"><span class='ocrx_word' id='word_1_106' title='bbox 122 1058 280 1091; x_wconf 89' lang='lat' dir='ltr'>metum</span> <span class='ocrx_word' id='word_1_107' title='bbox 301 1048 430 1091; x_wconf 81' lang='lat' dir='ltr'>libere</span> <span class='ocrx_word' id='word_1_108' title='bbox 448 1048 563 1106; x_wconf 88' lang='lat' dir='ltr'>loqui</span> <span class='ocrx_word' id='word_1_109' title='bbox 584 1064 667 1091; x_wconf 91' lang='lat' dir='ltr'>non</span> <span class='ocrx_word' id='word_1_110' title='bbox 686 1048 900 1091; x_wconf 87' lang='lat' dir='ltr'>auderent.</span> <span class='ocrx_word' id='word_1_111' title='bbox 962 1049 1023 1089; x_wconf 86' lang='lat' dir='ltr'>Et</span> <span class='ocrx_word' id='word_1_112' title='bbox 1051 1047 1158 1089; x_wconf 84' lang='lat' dir='ltr'>hanc</span> <span class='ocrx_word' id='word_1_113' title='bbox 1188 1045 1361 1102; x_wconf 89' lang='lat' dir='ltr'>quidem</span> <span class='ocrx_word' id='word_1_114' title='bbox 1391 1044 1594 1087; x_wconf 88' lang='lat' dir='ltr'>rationem</span> 
     </span>
     <span class='ocr_line' id='line_1_14' title="bbox 121 1113 1595 1173; baseline -0.001 -17"><span class='ocrx_word' id='word_1_115' title='bbox 121 1114 190 1156; x_wconf 86' lang='lat' dir='ltr'>hic</span> <span class='ocrx_word' id='word_1_116' title='bbox 227 1114 377 1167; x_wconf 90' lang='lat' dir='ltr'>valere,</span> <span class='ocrx_word' id='word_1_117' title='bbox 412 1130 435 1156; x_wconf 91' lang='lat' dir='ltr'>e</span> <span class='ocrx_word' id='word_1_118' title='bbox 474 1115 637 1172; x_wconf 86' lang='lat' dir='ltr'>reliquo</span> <span class='ocrx_word' id='word_1_119' title='bbox 675 1116 943 1173; x_wconf 86' lang='lat' dir='ltr'>speculatoris</span> <span class='ocrx_word' id='word_1_120' title='bbox 974 1129 1163 1156; x_wconf 84' lang='lat' dir='ltr'>sermone</span> <span class='ocrx_word' id='word_1_121' title='bbox 1196 1113 1420 1170; x_wconf 80' lang='lat' dir='ltr'>colligitur.</span> <span class='ocrx_word' id='word_1_122' title='bbox 1482 1114 1595 1154; x_wconf 90' lang='lat' dir='ltr'>Cum</span> 
     </span>
     <span class='ocr_line' id='line_1_15' title="bbox 121 1180 1594 1240; baseline -0.001 -17"><span class='ocrx_word' id='word_1_123' title='bbox 121 1181 231 1224; x_wconf 88' lang='lat' dir='ltr'>enim</span> <span class='ocrx_word' id='word_1_124' title='bbox 261 1182 347 1224; x_wconf 90' lang='lat' dir='ltr'>fido</span> <span class='ocrx_word' id='word_1_125' title='bbox 376 1182 429 1225; x_wconf 88' lang='lat' dir='ltr'>sit</span> <span class='ocrx_word' id='word_1_126' title='bbox 456 1182 501 1224; x_wconf 86' lang='lat' dir='ltr'>in</span> <span class='ocrx_word' id='word_1_127' title='bbox 522 1185 884 1240; x_wconf 83' lang='lat' dir='ltr'>Agamemnonem</span> <span class='ocrx_word' id='word_1_128' title='bbox 914 1182 1068 1233; x_wconf 90' lang='lat' dir='ltr'>animo,</span> <span class='ocrx_word' id='word_1_129' title='bbox 1092 1197 1176 1223; x_wconf 92' lang='lat' dir='ltr'>non</span> <span class='ocrx_word' id='word_1_130' title='bbox 1206 1182 1395 1239; x_wconf 87' lang='lat' dir='ltr'>profecto</span> <span class='ocrx_word' id='word_1_131' title='bbox 1423 1180 1465 1222; x_wconf 92' lang='lat' dir='ltr'>in</span> <span class='ocrx_word' id='word_1_132' title='bbox 1497 1195 1594 1222; x_wconf 91' lang='lat' dir='ltr'>eum</span> 
     </span>
     <span class='ocr_line' id='line_1_16' title="bbox 120 1250 1595 1309; baseline -0.001 -16"><span class='ocrx_word' id='word_1_133' title='bbox 120 1250 368 1309; x_wconf 86' lang='lat' dir='ltr'>corruptelae</span> <span class='ocrx_word' id='word_1_134' title='bbox 394 1251 574 1309; x_wconf 89' lang='lat' dir='ltr'>suspicio</span> <span class='ocrx_word' id='word_1_135' title='bbox 596 1251 722 1294; x_wconf 86' lang='lat' dir='ltr'>cadit.</span> <span class='ocrx_word' id='word_1_136' title='bbox 783 1251 945 1293; x_wconf 89' lang='lat' dir='ltr'>Suidas.</span> <span class='ocrx_word' id='word_1_137' title='bbox 978 1253 1080 1294; x_wconf 83' lang='grc' dir='ltr'>Βοῦς</span> <span class='ocrx_word' id='word_1_138' title='bbox 1110 1250 1176 1292; x_wconf 81' lang='grc' dir='ltr'>ἐπὶ</span> <span class='ocrx_word' id='word_1_139' title='bbox 1204 1250 1395 1304; x_wconf 76' lang='grc' dir='ltr'>γλώττης.</span> <span class='ocrx_word' id='word_1_140' title='bbox 1427 1251 1492 1292; x_wconf 82' lang='grc' dir='ltr'>ἐπὶ</span> <span class='ocrx_word' id='word_1_141' title='bbox 1516 1253 1595 1292; x_wconf 84' lang='grc' dir='ltr'>τῶν</span> 
     </span>
     <span class='ocr_line' id='line_1_17' title="bbox 119 1316 1594 1374; baseline -0.001 -13"><span class='ocrx_word' id='word_1_142' title='bbox 119 1319 173 1372; x_wconf 83' lang='grc' dir='ltr'>μὴ</span> <span class='ocrx_word' id='word_1_143' title='bbox 192 1319 420 1372; x_wconf 85' lang='grc' dir='ltr'>δυναμένων</span> <span class='ocrx_word' id='word_1_144' title='bbox 439 1319 789 1374; x_wconf 75' lang='grc' dir='ltr'>παῤῥησιάζεσθαι·</span> <span class='ocrx_word' id='word_1_145' title='bbox 820 1318 845 1372; x_wconf 86' lang='grc' dir='ltr'>ἢ</span> <span class='ocrx_word' id='word_1_146' title='bbox 863 1321 928 1362; x_wconf 75' lang='grc' dir='ltr'>διὸ,</span> <span class='ocrx_word' id='word_1_147' title='bbox 946 1319 1019 1371; x_wconf 80' lang='grc' dir='ltr'>τὴν</span> <span class='ocrx_word' id='word_1_148' title='bbox 1039 1318 1159 1373; x_wconf 80' lang='grc' dir='ltr'>ἰσχὺν</span> <span class='ocrx_word' id='word_1_149' title='bbox 1178 1322 1248 1360; x_wconf 87' lang='grc' dir='ltr'>τοῦ</span> <span class='ocrx_word' id='word_1_150' title='bbox 1273 1319 1384 1367; x_wconf 75' lang='grc' dir='ltr'>ζώου,</span> <span class='ocrx_word' id='word_1_151' title='bbox 1406 1316 1431 1370; x_wconf 83' lang='grc' dir='ltr'>ἢ</span> <span class='ocrx_word' id='word_1_152' title='bbox 1459 1320 1524 1360; x_wconf 79' lang='grc' dir='ltr'>διὰ</span> <span class='ocrx_word' id='word_1_153' title='bbox 1549 1317 1594 1359; x_wconf 83' lang='grc' dir='ltr'>τὸ</span> 
     </span>
     <span class='ocr_line' id='line_1_18' title="bbox 120 1385 1595 1443; baseline 0 -15"><span class='ocrx_word' id='word_1_154' title='bbox 120 1391 199 1429; x_wconf 80' lang='grc' dir='ltr'>τῶν</span> <span class='ocrx_word' id='word_1_155' title='bbox 216 1385 440 1439; x_wconf 86' lang='grc' dir='ltr'>Ἀθηναίων</span> <span class='ocrx_word' id='word_1_156' title='bbox 462 1389 635 1441; x_wconf 88' lang='grc' dir='ltr'>νόμισμα</span> <span class='ocrx_word' id='word_1_157' title='bbox 660 1392 764 1441; x_wconf 86' lang='grc' dir='ltr'>βοῦν</span> <span class='ocrx_word' id='word_1_158' title='bbox 785 1388 895 1443; x_wconf 88' lang='grc' dir='ltr'>ἔχειν</span> <span class='ocrx_word' id='word_1_159' title='bbox 916 1386 1279 1442; x_wconf 79' lang='grc' dir='ltr'>ἐγκεχαραγμένην,</span> <span class='ocrx_word' id='word_1_160' title='bbox 1301 1387 1400 1440; x_wconf 84' lang='grc' dir='ltr'>ὅπερ</span> <span class='ocrx_word' id='word_1_161' title='bbox 1426 1387 1595 1428; x_wconf 78' lang='grc' dir='ltr'>ἐκτίνειν</span> 
     </span>
     <span class='ocr_line' id='line_1_19' title="bbox 121 1453 1592 1512; baseline -0.001 -15"><span class='ocrx_word' id='word_1_162' title='bbox 121 1454 201 1497; x_wconf 82' lang='grc' dir='ltr'>ἔδει</span> <span class='ocrx_word' id='word_1_163' title='bbox 233 1455 324 1499; x_wconf 81' lang='grc' dir='ltr'>τοὺς</span> <span class='ocrx_word' id='word_1_164' title='bbox 357 1456 750 1510; x_wconf 74' lang='grc' dir='ltr'>παῤῥησιαζομένους.</span> <span class='ocrx_word' id='word_1_165' title='bbox 783 1456 946 1499; x_wconf 87' lang='lat' dir='ltr'>Eadem</span> <span class='ocrx_word' id='word_1_166' title='bbox 982 1455 1110 1497; x_wconf 85' lang='lat' dir='ltr'>habet</span> <span class='ocrx_word' id='word_1_167' title='bbox 1141 1454 1331 1512; x_wconf 88' lang='lat' dir='ltr'>Hesych.</span> <span class='ocrx_word' id='word_1_168' title='bbox 1365 1454 1435 1496; x_wconf 89' lang='lat' dir='ltr'>Cf.</span> <span class='ocrx_word' id='word_1_169' title='bbox 1467 1453 1592 1496; x_wconf 84' lang='lat' dir='ltr'>etiam</span> 
     </span>
     <span class='ocr_line' id='line_1_20' title="bbox 121 1522 1595 1580; baseline -0.001 -15"><span class='ocrx_word' id='word_1_170' title='bbox 121 1523 282 1566; x_wconf 88' lang='lat' dir='ltr'>Polluc.</span> <span class='ocrx_word' id='word_1_171' title='bbox 314 1538 354 1580; x_wconf 95' lang='lat'>9.</span> <span class='ocrx_word' id='word_1_172' title='bbox 387 1525 455 1568; x_wconf 87' lang='lat'>62.</span> <span class='ocrx_word' id='word_1_173' title='bbox 498 1525 658 1568; x_wconf 88' lang='lat' dir='ltr'>Athen.</span> <span class='ocrx_word' id='word_1_174' title='bbox 683 1538 747 1569; x_wconf 81' lang='lat'>12.</span> <span class='ocrx_word' id='word_1_175' title='bbox 775 1537 839 1568; x_wconf 87' lang='lat'>12.</span> <span class='ocrx_word' id='word_1_176' title='bbox 873 1539 896 1566; x_wconf 93' lang='lat' dir='ltr'>e</span> <span class='ocrx_word' id='word_1_177' title='bbox 932 1522 1159 1565; x_wconf 84' lang='lat' dir='ltr'>Menandri</span> <span class='ocrx_word' id='word_1_178' title='bbox 1192 1522 1489 1574; x_wconf 74' lang='lat' dir='ltr'>piscatoribus,</span> <span class='ocrx_word' id='word_1_179' title='bbox 1520 1522 1595 1565; x_wconf 91' lang='lat' dir='ltr'>ubi</span> 
     </span>
     <span class='ocr_line' id='line_1_21' title="bbox 120 1591 1590 1648; baseline -0.001 -14"><span class='ocrx_word' id='word_1_180' title='bbox 120 1592 324 1648; x_wconf 88' lang='lat' dir='ltr'>quosdam</span> <span class='ocrx_word' id='word_1_181' title='bbox 354 1591 498 1634; x_wconf 88' lang='lat' dir='ltr'>exules</span> <span class='ocrx_word' id='word_1_182' title='bbox 530 1592 802 1636; x_wconf 86' lang='lat' dir='ltr'>Heracleotas</span> <span class='ocrx_word' id='word_1_183' title='bbox 835 1591 1072 1643; x_wconf 84' lang='lat' dir='ltr'>induxerat,</span> <span class='ocrx_word' id='word_1_184' title='bbox 1104 1591 1217 1632; x_wconf 90' lang='lat' dir='ltr'>hunc</span> <span class='ocrx_word' id='word_1_185' title='bbox 1248 1605 1414 1633; x_wconf 89' lang='lat' dir='ltr'>versum</span> <span class='ocrx_word' id='word_1_186' title='bbox 1445 1591 1590 1634; x_wconf 87' lang='lat' dir='ltr'>affert:</span> 
     </span>
     <span class='ocr_line' id='line_1_22' title="bbox 120 1658 1593 1718; baseline -0.001 -16"><span class='ocrx_word' id='word_1_187' title='bbox 120 1660 249 1715; x_wconf 79' lang='grc' dir='ltr'>παχὺς</span> <span class='ocrx_word' id='word_1_188' title='bbox 277 1662 356 1714; x_wconf 73' lang='grc' dir='ltr'>γὰρ</span> <span class='ocrx_word' id='word_1_189' title='bbox 383 1661 428 1705; x_wconf 84' lang='grc' dir='ltr'>ὗς</span> <span class='ocrx_word' id='word_1_190' title='bbox 457 1660 569 1703; x_wconf 86' lang='grc' dir='ltr'>ἔκειτ’</span> <span class='ocrx_word' id='word_1_191' title='bbox 604 1661 668 1703; x_wconf 82' lang='grc' dir='ltr'>ἐπὶ</span> <span class='ocrx_word' id='word_1_192' title='bbox 700 1663 841 1714; x_wconf 84' lang='grc' dir='ltr'>στόμα,</span> <span class='ocrx_word' id='word_1_193' title='bbox 876 1675 1002 1718; x_wconf 87' lang='lat' dir='ltr'>quem</span> <span class='ocrx_word' id='word_1_194' title='bbox 1034 1660 1311 1702; x_wconf 87' lang='lat' dir='ltr'>Casaubonus</span> <span class='ocrx_word' id='word_1_195' title='bbox 1343 1659 1386 1700; x_wconf 84' lang='lat' dir='ltr'>in</span> <span class='ocrx_word' id='word_1_196' title='bbox 1417 1658 1593 1701; x_wconf 86' lang='lat' dir='ltr'>eandem</span> 
     </span>
     <span class='ocr_line' id='line_1_23' title="bbox 120 1727 1594 1787; baseline -0.001 -17"><span class='ocrx_word' id='word_1_197' title='bbox 120 1728 364 1771; x_wconf 83' lang='lat' dir='ltr'>sententiam</span> <span class='ocrx_word' id='word_1_198' title='bbox 395 1729 707 1787; x_wconf 83' lang='lat' dir='ltr'>interpretatur.</span> <span class='ocrx_word' id='word_1_199' title='bbox 740 1730 931 1772; x_wconf 72' lang='lat' dir='ltr'>Scmrrz.</span> <span class='ocrx_word' id='word_1_200' title='bbox 993 1727 1158 1777; x_wconf 73' lang='lat' dir='ltr'>Suidas.</span> <span class='ocrx_word' id='word_1_201' title='bbox 1184 1727 1426 1786; x_wconf 87' lang='lat' dir='ltr'>Hesychius</span> <span class='ocrx_word' id='word_1_202' title='bbox 1448 1738 1491 1770; x_wconf 92' lang='lat' dir='ltr'>et</span> <span class='ocrx_word' id='word_1_203' title='bbox 1514 1729 1594 1770; x_wconf 86' lang='lat' dir='ltr'>Ze-</span> 
     </span>
     <span class='ocr_line' id='line_1_24' title="bbox 119 1795 1592 1855; baseline 0 -18"><span class='ocrx_word' id='word_1_204' title='bbox 119 1795 270 1839; x_wconf 89' lang='lat' dir='ltr'>nobius</span> <span class='ocrx_word' id='word_1_205' title='bbox 297 1796 441 1840; x_wconf 89' lang='lat' dir='ltr'>eadem</span> <span class='ocrx_word' id='word_1_206' title='bbox 472 1797 559 1839; x_wconf 88' lang='lat' dir='ltr'>fere</span> <span class='ocrx_word' id='word_1_207' title='bbox 578 1797 707 1839; x_wconf 86' lang='lat' dir='ltr'>verba</span> <span class='ocrx_word' id='word_1_208' title='bbox 729 1806 1041 1855; x_wconf 86' lang='lat' dir='ltr'>repraesentant.</span> <span class='ocrx_word' id='word_1_209' title='bbox 1102 1795 1197 1838; x_wconf 87' lang='lat' dir='ltr'>Vid.</span> <span class='ocrx_word' id='word_1_210' title='bbox 1222 1797 1368 1853; x_wconf 83' lang='lat' dir='ltr'>SyneS.</span> <span class='ocrx_word' id='word_1_211' title='bbox 1390 1797 1476 1852; x_wconf 88' lang='lat' dir='ltr'>Ep.</span> <span class='ocrx_word' id='word_1_212' title='bbox 1498 1808 1592 1852; x_wconf 87' lang='lat'>153.</span> 
     </span>
     <span class='ocr_line' id='line_1_25' title="bbox 121 1864 1593 1923; baseline -0.001 -16"><span class='ocrx_word' id='word_1_213' title='bbox 121 1864 284 1909; x_wconf 86' lang='lat' dir='ltr'>Polluc.</span> <span class='ocrx_word' id='word_1_214' title='bbox 307 1879 350 1922; x_wconf 94' lang='lat'>9,</span> <span class='ocrx_word' id='word_1_215' title='bbox 371 1866 440 1909; x_wconf 90' lang='lat'>62.</span> <span class='ocrx_word' id='word_1_216' title='bbox 462 1865 626 1909; x_wconf 82' lang='lat' dir='ltr'>Julian.</span> <span class='ocrx_word' id='word_1_217' title='bbox 647 1866 722 1908; x_wconf 90' lang='lat' dir='ltr'>Or.</span> <span class='ocrx_word' id='word_1_218' title='bbox 745 1876 784 1921; x_wconf 91' lang='lat'>7.</span> <span class='ocrx_word' id='word_1_219' title='bbox 815 1881 860 1923; x_wconf 89' lang='lat' dir='ltr'>p.</span> <span class='ocrx_word' id='word_1_220' title='bbox 883 1865 979 1909; x_wconf 80' lang='lat'>218.</span> <span class='ocrx_word' id='word_1_221' title='bbox 1010 1864 1082 1907; x_wconf 84' lang='grc' dir='ltr'>τὸν</span> <span class='ocrx_word' id='word_1_222' title='bbox 1110 1868 1214 1917; x_wconf 82' lang='grc' dir='ltr'>βοῦν</span> <span class='ocrx_word' id='word_1_223' title='bbox 1244 1866 1288 1906; x_wconf 79' lang='grc' dir='ltr'>δὲ</span> <span class='ocrx_word' id='word_1_224' title='bbox 1319 1865 1515 1917; x_wconf 79' lang='grc' dir='ltr'>ἐπιτίθημι</span> <span class='ocrx_word' id='word_1_225' title='bbox 1545 1865 1593 1921; x_wconf 84' lang='grc' dir='ltr'>τῇ</span> 
     </span>
     <span class='ocr_line' id='line_1_26' title="bbox 120 1932 1592 1992; baseline -0.002 -17"><span class='ocrx_word' id='word_1_226' title='bbox 120 1934 289 1991; x_wconf 75' lang='grc' dir='ltr'>γλώττῃ.</span> <span class='ocrx_word' id='word_1_227' title='bbox 349 1934 550 1977; x_wconf 87' lang='lat' dir='ltr'>Dubitari</span> <span class='ocrx_word' id='word_1_228' title='bbox 571 1933 700 1992; x_wconf 89' lang='lat' dir='ltr'>possit</span> <span class='ocrx_word' id='word_1_229' title='bbox 718 1949 772 1975; x_wconf 83' lang='lat' dir='ltr'>an</span> <span class='ocrx_word' id='word_1_230' title='bbox 792 1933 846 1975; x_wconf 91' lang='lat' dir='ltr'>ad</span> <span class='ocrx_word' id='word_1_231' title='bbox 867 1932 1189 1975; x_wconf 88' lang='lat' dir='ltr'>Atheniensium</span> <span class='ocrx_word' id='word_1_232' title='bbox 1211 1947 1406 1973; x_wconf 89' lang='lat' dir='ltr'>nummos</span> <span class='ocrx_word' id='word_1_233' title='bbox 1426 1947 1592 1989; x_wconf 83' lang='lat' dir='ltr'>respex-</span> 
     </span>
     <span class='ocr_line' id='line_1_27' title="bbox 120 1999 1593 2058; baseline 0 -15"><span class='ocrx_word' id='word_1_234' title='bbox 120 2001 214 2043; x_wconf 88' lang='lat' dir='ltr'>erit.</span> <span class='ocrx_word' id='word_1_235' title='bbox 245 2001 462 2058; x_wconf 88' lang='lat' dir='ltr'>Theognis</span> <span class='ocrx_word' id='word_1_236' title='bbox 483 2003 580 2058; x_wconf 87' lang='lat'>813.</span> <span class='ocrx_word' id='word_1_237' title='bbox 602 2005 702 2045; x_wconf 84' lang='grc' dir='ltr'>Βοῦς</span> <span class='ocrx_word' id='word_1_238' title='bbox 719 2019 787 2054; x_wconf 89' lang='grc' dir='ltr'>μοι</span> <span class='ocrx_word' id='word_1_239' title='bbox 809 2002 874 2043; x_wconf 81' lang='grc' dir='ltr'>ἐπὶ</span> <span class='ocrx_word' id='word_1_240' title='bbox 893 2003 1084 2055; x_wconf 88' lang='grc' dir='ltr'>γλώσσης</span> <span class='ocrx_word' id='word_1_241' title='bbox 1105 2003 1276 2056; x_wconf 80' lang='grc' dir='ltr'>κρατερῷ</span> <span class='ocrx_word' id='word_1_242' title='bbox 1296 2001 1387 2042; x_wconf 87' lang='grc' dir='ltr'>ποδὶ</span> <span class='ocrx_word' id='word_1_243' title='bbox 1409 1999 1493 2052; x_wconf 76' lang='grc' dir='ltr'>λὰξ</span> <span class='ocrx_word' id='word_1_244' title='bbox 1510 2002 1593 2043; x_wconf 82' lang='grc' dir='ltr'>ἐπι-</span> 
     </span>
     <span class='ocr_line' id='line_1_28' title="bbox 118 2068 1590 2125; baseline -0.001 -13"><span class='ocrx_word' id='word_1_245' title='bbox 118 2070 273 2122; x_wconf 85' lang='grc' dir='ltr'>βαίνων</span> <span class='ocrx_word' id='word_1_246' title='bbox 295 2068 430 2125; x_wconf 87' lang='grc' dir='ltr'>Ἴσχει</span> <span class='ocrx_word' id='word_1_247' title='bbox 459 2071 680 2120; x_wconf 85' lang='grc' dir='ltr'>κωτίλλειν,</span> <span class='ocrx_word' id='word_1_248' title='bbox 703 2070 840 2123; x_wconf 89' lang='grc' dir='ltr'>καίπερ</span> <span class='ocrx_word' id='word_1_249' title='bbox 865 2068 1143 2121; x_wconf 81' lang='grc' dir='ltr'>ἐπιστάμενον.</span> <span class='ocrx_word' id='word_1_250' title='bbox 1205 2068 1357 2110; x_wconf 86' lang='lat' dir='ltr'>Nescio</span> <span class='ocrx_word' id='word_1_251' title='bbox 1386 2083 1440 2109; x_wconf 89' lang='lat' dir='ltr'>an</span> <span class='ocrx_word' id='word_1_252' title='bbox 1470 2068 1590 2125; x_wconf 89' lang='lat' dir='ltr'>origo</span> 
     </span>
     <span class='ocr_line' id='line_1_29' title="bbox 119 2136 1593 2195; baseline 0 -17"><span class='ocrx_word' id='word_1_253' title='bbox 119 2137 329 2195; x_wconf 83' lang='lat' dir='ltr'>proverbii</span> <span class='ocrx_word' id='word_1_254' title='bbox 348 2152 399 2179; x_wconf 85' lang='lat' dir='ltr'>ex</span> <span class='ocrx_word' id='word_1_255' title='bbox 428 2152 541 2180; x_wconf 89' lang='lat' dir='ltr'>more</span> <span class='ocrx_word' id='word_1_256' title='bbox 568 2137 771 2179; x_wconf 88' lang='lat' dir='ltr'>trahenda</span> <span class='ocrx_word' id='word_1_257' title='bbox 797 2136 864 2189; x_wconf 89' lang='lat' dir='ltr'>sit,</span> <span class='ocrx_word' id='word_1_258' title='bbox 884 2152 1010 2194; x_wconf 90' lang='lat' dir='ltr'>quem</span> <span class='ocrx_word' id='word_1_259' title='bbox 1041 2136 1264 2179; x_wconf 88' lang='lat' dir='ltr'>habuerint</span> <span class='ocrx_word' id='word_1_260' title='bbox 1284 2146 1443 2178; x_wconf 84' lang='lat' dir='ltr'>veteres</span> <span class='ocrx_word' id='word_1_261' title='bbox 1471 2152 1593 2178; x_wconf 91' lang='lat' dir='ltr'>num-</span> 
     </span>
     <span class='ocr_line' id='line_1_30' title="bbox 119 2204 1591 2263; baseline -0.001 -15"><span class='ocrx_word' id='word_1_262' title='bbox 119 2220 209 2248; x_wconf 87' lang='lat' dir='ltr'>mos</span> <span class='ocrx_word' id='word_1_263' title='bbox 228 2205 272 2248; x_wconf 90' lang='lat' dir='ltr'>in</span> <span class='ocrx_word' id='word_1_264' title='bbox 291 2221 363 2248; x_wconf 91' lang='lat' dir='ltr'>ore</span> <span class='ocrx_word' id='word_1_265' title='bbox 382 2205 567 2257; x_wconf 86' lang='lat' dir='ltr'>tenendi,</span> <span class='ocrx_word' id='word_1_266' title='bbox 588 2221 695 2263; x_wconf 84' lang='lat' dir='ltr'>quos</span> <span class='ocrx_word' id='word_1_267' title='bbox 715 2221 767 2248; x_wconf 88' lang='lat' dir='ltr'>ex</span> <span class='ocrx_word' id='word_1_268' title='bbox 790 2204 1026 2247; x_wconf 86' lang='lat' dir='ltr'>venditione</span> <span class='ocrx_word' id='word_1_269' title='bbox 1047 2204 1246 2247; x_wconf 90' lang='lat' dir='ltr'>mercium</span> <span class='ocrx_word' id='word_1_270' title='bbox 1275 2220 1445 2246; x_wconf 88' lang='lat' dir='ltr'>suarum</span> <span class='ocrx_word' id='word_1_271' title='bbox 1473 2205 1591 2247; x_wconf 92' lang='lat' dir='ltr'>colli-</span> 
     </span>
     <span class='ocr_line' id='line_1_31' title="bbox 118 2273 1591 2332; baseline 0 -16"><span class='ocrx_word' id='word_1_272' title='bbox 118 2283 288 2332; x_wconf 89' lang='lat' dir='ltr'>gerent:</span> <span class='ocrx_word' id='word_1_273' title='bbox 321 2274 407 2317; x_wconf 88' lang='lat' dir='ltr'>vid.</span> <span class='ocrx_word' id='word_1_274' title='bbox 430 2274 666 2317; x_wconf 86' lang='lat' dir='ltr'>Casaubon.</span> <span class='ocrx_word' id='word_1_275' title='bbox 687 2274 742 2316; x_wconf 86' lang='lat' dir='ltr'>ad</span> <span class='ocrx_word' id='word_1_276' title='bbox 763 2274 1044 2330; x_wconf 87' lang='lat' dir='ltr'>Theophrast.</span> <span class='ocrx_word' id='word_1_277' title='bbox 1066 2289 1109 2331; x_wconf 91' lang='lat' dir='ltr'>p.</span> <span class='ocrx_word' id='word_1_278' title='bbox 1130 2287 1222 2330; x_wconf 90' lang='lat'>194.</span> <span class='ocrx_word' id='word_1_279' title='bbox 1285 2273 1437 2315; x_wconf 84' lang='lat' dir='ltr'>Paullo</span> <span class='ocrx_word' id='word_1_280' title='bbox 1456 2273 1591 2327; x_wconf 88' lang='lat' dir='ltr'>aliter,</span> 
     </span>
     <span class='ocr_line' id='line_1_32' title="bbox 117 2341 1590 2400; baseline 0.001 -16"><span class='ocrx_word' id='word_1_281' title='bbox 117 2343 205 2384; x_wconf 84' lang='lat' dir='ltr'>fere</span> <span class='ocrx_word' id='word_1_282' title='bbox 224 2341 368 2384; x_wconf 90' lang='lat' dir='ltr'>eodem</span> <span class='ocrx_word' id='word_1_283' title='bbox 391 2352 527 2385; x_wconf 89' lang='lat' dir='ltr'>tamen</span> <span class='ocrx_word' id='word_1_284' title='bbox 549 2358 686 2394; x_wconf 90' lang='lat' dir='ltr'>sensu,</span> <span class='ocrx_word' id='word_1_285' title='bbox 710 2341 904 2400; x_wconf 89' lang='lat' dir='ltr'>Sophocl.</span> <span class='ocrx_word' id='word_1_286' title='bbox 930 2341 1035 2384; x_wconf 89' lang='lat' dir='ltr'>OEd.</span> <span class='ocrx_word' id='word_1_287' title='bbox 1060 2341 1152 2384; x_wconf 92' lang='lat' dir='ltr'>Col.</span> <span class='ocrx_word' id='word_1_288' title='bbox 1177 2355 1300 2396; x_wconf 83' lang='lat'>1051.</span> <span class='ocrx_word' id='word_1_289' title='bbox 1330 2343 1385 2383; x_wconf 81' lang='grc' dir='ltr'>ὧν</span> <span class='ocrx_word' id='word_1_290' title='bbox 1406 2343 1470 2384; x_wconf 87' lang='grc' dir='ltr'>καὶ</span> <span class='ocrx_word' id='word_1_291' title='bbox 1496 2360 1590 2398; x_wconf 90' lang='grc' dir='ltr'>χρυ-</span> 
     </span>
     <span class='ocr_line' id='line_1_33' title="bbox 119 2409 1421 2467; baseline -0.001 -14"><span class='ocrx_word' id='word_1_292' title='bbox 119 2410 195 2453; x_wconf 87' lang='grc' dir='ltr'>σέα</span> <span class='ocrx_word' id='word_1_293' title='bbox 215 2412 322 2455; x_wconf 89' lang='grc' dir='ltr'>κλεὶς</span> <span class='ocrx_word' id='word_1_294' title='bbox 343 2412 407 2453; x_wconf 78' lang='grc' dir='ltr'>ἐπὶ</span> <span class='ocrx_word' id='word_1_295' title='bbox 426 2412 598 2467; x_wconf 75' lang='grc' dir='ltr'>γλώσσᾳ</span> <span class='ocrx_word' id='word_1_296' title='bbox 615 2411 809 2464; x_wconf 88' lang='grc' dir='ltr'>βέβακεν·</span> <span class='ocrx_word' id='word_1_297' title='bbox 831 2410 904 2452; x_wconf 88' lang='lat' dir='ltr'>ubi</span> <span class='ocrx_word' id='word_1_298' title='bbox 925 2409 1008 2452; x_wconf 84' lang='lat' dir='ltr'>vid.</span> <span class='ocrx_word' id='word_1_299' title='bbox 1030 2409 1156 2452; x_wconf 89' lang='lat' dir='ltr'>schol.</span> <span class='ocrx_word' id='word_1_300' title='bbox 1189 2411 1421 2453; x_wconf 88' lang='lat' dir='ltr'>BLOMF.</span> 
     </span>
    </p>

    <p class='ocr_par' dir='ltr' id='par_1_4' title="bbox 116 2477 1589 2942">
     <span class='ocr_line' id='line_1_34' title="bbox 174 2477 1589 2536; baseline 0 -15"><span class='ocrx_word' id='word_1_301' title='bbox 174 2489 245 2535; x_wconf 83' lang='lat'>37.</span> <span class='ocrx_word' id='word_1_302' title='bbox 286 2479 461 2523; x_wconf 82' lang='grc' dir='ltr'>οἶκος-</span> <span class='ocrx_word' id='word_1_303' title='bbox 475 2479 646 2536; x_wconf 74' lang='grc' dir='ltr'>λέξειεν]</span> <span class='ocrx_word' id='word_1_304' title='bbox 692 2479 825 2521; x_wconf 85' lang='lat' dir='ltr'>Haud</span> <span class='ocrx_word' id='word_1_305' title='bbox 866 2479 1041 2521; x_wconf 86' lang='lat' dir='ltr'>obscure</span> <span class='ocrx_word' id='word_1_306' title='bbox 1081 2477 1217 2535; x_wconf 87' lang='lat' dir='ltr'>tangit</span> <span class='ocrx_word' id='word_1_307' title='bbox 1254 2477 1589 2535; x_wconf 86' lang='lat' dir='ltr'>Clytaemnestrae</span> 
     </span>
     <span class='ocr_line' id='line_1_35' title="bbox 118 2545 1589 2603; baseline 0.001 -15"><span class='ocrx_word' id='word_1_308' title='bbox 118 2546 335 2589; x_wconf 86' lang='lat' dir='ltr'>adulteria.</span> <span class='ocrx_word' id='word_1_309' title='bbox 358 2547 493 2590; x_wconf 90' lang='lat' dir='ltr'>SCH.</span> <span class='ocrx_word' id='word_1_310' title='bbox 554 2547 686 2589; x_wconf 89' lang='lat' dir='ltr'>Simili</span> <span class='ocrx_word' id='word_1_311' title='bbox 707 2547 865 2589; x_wconf 87' lang='lat' dir='ltr'>ratione</span> <span class='ocrx_word' id='word_1_312' title='bbox 886 2545 1036 2603; x_wconf 89' lang='lat' dir='ltr'>Eurip.</span> <span class='ocrx_word' id='word_1_313' title='bbox 1059 2545 1265 2588; x_wconf 91' lang='lat' dir='ltr'>Androm.</span> <span class='ocrx_word' id='word_1_314' title='bbox 1286 2561 1325 2588; x_wconf 79' lang='lat' dir='ltr'>v,</span> <span class='ocrx_word' id='word_1_315' title='bbox 1350 2558 1447 2602; x_wconf 84' lang='lat'>924.</span> <span class='ocrx_word' id='word_1_316' title='bbox 1475 2549 1589 2600; x_wconf 82' lang='grc' dir='ltr'>δόμοι</span> 
     </span>
     <span class='ocr_line' id='line_1_36' title="bbox 118 2613 1589 2672; baseline 0.002 -17"><span class='ocrx_word' id='word_1_317' title='bbox 118 2613 262 2667; x_wconf 85' lang='grc' dir='ltr'>φθέγμ’</span> <span class='ocrx_word' id='word_1_318' title='bbox 284 2614 460 2669; x_wconf 81' lang='grc' dir='ltr'>ἔχοντες,</span> <span class='ocrx_word' id='word_1_319' title='bbox 482 2625 524 2656; x_wconf 88' lang='lat' dir='ltr'>et</span> <span class='ocrx_word' id='word_1_320' title='bbox 542 2615 720 2672; x_wconf 88' lang='lat' dir='ltr'>Hippol.</span> <span class='ocrx_word' id='word_1_321' title='bbox 740 2628 863 2667; x_wconf 89' lang='lat'>1074.</span> <span class='ocrx_word' id='word_1_322' title='bbox 878 2613 908 2655; x_wconf 72' lang='grc' dir='ltr'>ὦ</span> <span class='ocrx_word' id='word_1_323' title='bbox 925 2613 1066 2666; x_wconf 86' lang='grc' dir='ltr'>δώματ’</span> <span class='ocrx_word' id='word_1_324' title='bbox 1090 2616 1172 2656; x_wconf 81' lang='grc' dir='ltr'>εἴθε</span> <span class='ocrx_word' id='word_1_325' title='bbox 1192 2614 1355 2668; x_wconf 90' lang='grc' dir='ltr'>φθέγμα</span> <span class='ocrx_word' id='word_1_326' title='bbox 1376 2617 1589 2669; x_wconf 86' lang='grc' dir='ltr'>γηρύοισθέ</span> 
     </span>
     <span class='ocr_line' id='line_1_37' title="bbox 116 2680 1587 2738; baseline 0.003 -17"><span class='ocrx_word' id='word_1_327' title='bbox 116 2697 196 2733; x_wconf 91' lang='grc' dir='ltr'>μοι.</span> <span class='ocrx_word' id='word_1_328' title='bbox 258 2680 378 2722; x_wconf 85' lang='lat' dir='ltr'>Idem</span> <span class='ocrx_word' id='word_1_329' title='bbox 400 2682 511 2723; x_wconf 86' lang='lat' dir='ltr'>Hec.</span> <span class='ocrx_word' id='word_1_330' title='bbox 534 2682 633 2738; x_wconf 80' lang='lat'>836.</span> <span class='ocrx_word' id='word_1_331' title='bbox 665 2685 703 2724; x_wconf 82' lang='grc' dir='ltr'>εἴ</span> <span class='ocrx_word' id='word_1_332' title='bbox 728 2699 795 2735; x_wconf 91' lang='grc' dir='ltr'>μοι</span> <span class='ocrx_word' id='word_1_333' title='bbox 825 2682 982 2736; x_wconf 84' lang='grc' dir='ltr'>γένοιτο</span> <span class='ocrx_word' id='word_1_334' title='bbox 1016 2683 1194 2736; x_wconf 90' lang='grc' dir='ltr'>φθόγγος</span> <span class='ocrx_word' id='word_1_335' title='bbox 1226 2684 1270 2723; x_wconf 80' lang='grc' dir='ltr'>ἐν</span> <span class='ocrx_word' id='word_1_336' title='bbox 1299 2684 1493 2736; x_wconf 90' lang='grc' dir='ltr'>βραχίοσι</span> <span class='ocrx_word' id='word_1_337' title='bbox 1524 2685 1587 2725; x_wconf 88' lang='grc' dir='ltr'>καὶ</span> 
     </span>
     <span class='ocr_line' id='line_1_38' title="bbox 116 2747 1586 2805; baseline 0.002 -16"><span class='ocrx_word' id='word_1_338' title='bbox 116 2749 249 2802; x_wconf 89' lang='grc' dir='ltr'>χερσί.</span> <span class='ocrx_word' id='word_1_339' title='bbox 311 2749 401 2789; x_wconf 90' lang='lat' dir='ltr'>Nec</span> <span class='ocrx_word' id='word_1_340' title='bbox 429 2748 624 2805; x_wconf 87' lang='lat' dir='ltr'>disparile</span> <span class='ocrx_word' id='word_1_341' title='bbox 652 2749 757 2792; x_wconf 90' lang='lat' dir='ltr'>illud</span> <span class='ocrx_word' id='word_1_342' title='bbox 787 2750 985 2792; x_wconf 81' lang='lat' dir='ltr'>Aristaen.</span> <span class='ocrx_word' id='word_1_343' title='bbox 1008 2762 1047 2800; x_wconf 94' lang='lat'>1,</span> <span class='ocrx_word' id='word_1_344' title='bbox 1069 2762 1137 2790; x_wconf 89' lang='lat'>10.</span> <span class='ocrx_word' id='word_1_345' title='bbox 1170 2751 1252 2790; x_wconf 80' lang='grc' dir='ltr'>εἴθε</span> <span class='ocrx_word' id='word_1_346' title='bbox 1284 2747 1315 2789; x_wconf 73' lang='grc' dir='ltr'><em>ὦ</em></span> <span class='ocrx_word' id='word_1_347' title='bbox 1346 2749 1490 2802; x_wconf 88' lang='grc' dir='ltr'>δένδρα</span> <span class='ocrx_word' id='word_1_348' title='bbox 1523 2751 1586 2792; x_wconf 85' lang='grc' dir='ltr'>καὶ</span> 
     </span>
     <span class='ocr_line' id='line_1_39' title="bbox 118 2814 1584 2874; baseline 0.003 -18"><span class='ocrx_word' id='word_1_349' title='bbox 118 2819 208 2858; x_wconf 87' lang='grc' dir='ltr'>νοῦς</span> <span class='ocrx_word' id='word_1_350' title='bbox 226 2816 318 2867; x_wconf 82' lang='grc' dir='ltr'>ὑμῖν</span> <span class='ocrx_word' id='word_1_351' title='bbox 337 2814 494 2868; x_wconf 83' lang='grc' dir='ltr'>γένοιτο</span> <span class='ocrx_word' id='word_1_352' title='bbox 516 2817 579 2858; x_wconf 86' lang='grc' dir='ltr'>καὶ</span> <span class='ocrx_word' id='word_1_353' title='bbox 599 2817 726 2870; x_wconf 87' lang='grc' dir='ltr'>φωνή.</span> <span class='ocrx_word' id='word_1_354' title='bbox 771 2818 913 2874; x_wconf 85' lang='lat' dir='ltr'>Ipsam</span> <span class='ocrx_word' id='word_1_355' title='bbox 934 2815 976 2857; x_wconf 88' lang='lat' dir='ltr'>h.</span> <span class='ocrx_word' id='word_1_356' title='bbox 998 2815 1027 2857; x_wconf 92' lang='lat' dir='ltr'>l.</span> <span class='ocrx_word' id='word_1_357' title='bbox 1049 2815 1216 2873; x_wconf 86' lang='lat' dir='ltr'>phrasin</span> <span class='ocrx_word' id='word_1_358' title='bbox 1240 2816 1368 2858; x_wconf 88' lang='lat' dir='ltr'>habes</span> <span class='ocrx_word' id='word_1_359' title='bbox 1387 2816 1429 2858; x_wconf 91' lang='lat' dir='ltr'>in</span> <span class='ocrx_word' id='word_1_360' title='bbox 1453 2818 1584 2874; x_wconf 92' lang='lat' dir='ltr'>Soph.</span> 
     </span>
     <span class='ocr_line' id='line_1_40' title="bbox 119 2881 1581 2942; baseline 0.003 -19"><span class='ocrx_word' id='word_1_361' title='bbox 119 2881 272 2924; x_wconf 87' lang='lat' dir='ltr'>Electr.</span> <span class='ocrx_word' id='word_1_362' title='bbox 288 2892 388 2939; x_wconf 82' lang='lat'>551.</span> <span class='ocrx_word' id='word_1_363' title='bbox 414 2884 523 2937; x_wconf 89' lang='grc' dir='ltr'>φαίει</span> <span class='ocrx_word' id='word_1_364' title='bbox 543 2883 574 2925; x_wconf 88' lang='grc' dir='ltr'>δ’</span> <span class='ocrx_word' id='word_1_365' title='bbox 589 2884 678 2936; x_wconf 83' lang='grc' dir='ltr'>ἂνὴ</span> <span class='ocrx_word' id='word_1_366' title='bbox 698 2887 877 2926; x_wconf 86' lang='grc' dir='ltr'>θανοῦσα</span> <span class='ocrx_word' id='word_1_367' title='bbox 893 2884 928 2924; x_wconf 80' lang='grc' dir='ltr'>εἰ</span> <span class='ocrx_word' id='word_1_368' title='bbox 948 2882 1086 2936; x_wconf 81' lang='grc' dir='ltr'>φωνὴν</span> <span class='ocrx_word' id='word_1_369' title='bbox 1105 2882 1245 2935; x_wconf 86' lang='grc' dir='ltr'>λάβοι.</span> <span class='ocrx_word' id='word_1_370' title='bbox 1267 2883 1421 2940; x_wconf 85' lang='lat' dir='ltr'>Eurip.</span> <span class='ocrx_word' id='word_1_371' title='bbox 1441 2884 1581 2942; x_wconf 84' lang='lat' dir='ltr'>Iphig.</span> 
     </span>
    </p>

    <p class='ocr_par' dir='ltr' id='par_1_5' title="bbox 811 2958 880 2991">
     <span class='ocr_line' id='line_1_41' title="bbox 811 2958 880 2991; baseline 0 0"><span class='ocrx_word' id='word_1_372' title='bbox 811 2964 838 2991; x_wconf 82' lang='grc' dir='ltr'>Τ</span> <span class='ocrx_word' id='word_1_373' title='bbox 862 2958 880 2991; x_wconf 76' lang='lat' dir='ltr'>t</span> 
     </span>
    </p>
   </div>
  </div>
 </body>
</html>
