<?xml version="1.0" encoding="UTF-8"?>
<!DOCTYPE html PUBLIC "-//W3C//DTD XHTML 1.0 Transitional//EN"
    "http://www.w3.org/TR/xhtml1/DTD/xhtml1-transitional.dtd">
<html xmlns="http://www.w3.org/1999/xhtml" xml:lang="en" lang="en">
 <head>
  <title>
</title>
<meta http-equiv="Content-Type" content="text/html;charset=utf-8" />
  <meta name='ocr-system' content='tesseract 3.04.00' />
  <meta name='ocr-capabilities' content='ocr_page ocr_carea ocr_par ocr_line ocrx_word'/>
</head>
<body>
  <div class='ocr_page' id='page_1' title='image "./p2tragoediaesupe02aescuoft_0268.png"; bbox 0 0 1962 3224; ppageno 0'>
   <div class='ocr_carea' id='block_1_1' title="bbox 367 189 1332 234">
    <p class='ocr_par' dir='ltr' id='par_1_1' title="bbox 367 189 1332 234">
     <span class='ocr_line' id='line_1_1' title="bbox 367 189 1332 234; baseline 0.005 -5"><span class='ocrx_word' id='word_1_1' title='bbox 367 189 452 229; x_wconf 82' lang='lat'><em>584</em></span> <span class='ocrx_word' id='word_1_2' title='bbox 838 192 1332 234; x_wconf 85' lang='lat' dir='ltr'>ANNOTATIONES</span> 
     </span>
    </p>
   </div>
   <div class='ocr_carea' id='block_1_2' title="bbox 363 297 1808 1618">
    <p class='ocr_par' dir='ltr' id='par_1_2' title="bbox 422 297 983 352">
     <span class='ocr_line' id='line_1_2' title="bbox 422 297 983 352; baseline 0.005 -14"><span class='ocrx_word' id='word_1_3' title='bbox 422 297 516 352; x_wconf 80' lang='grc' dir='ltr'>ἀπῇ]</span> <span class='ocrx_word' id='word_1_4' title='bbox 537 298 612 349; x_wconf 86' lang='grc' dir='ltr'><em>ὅπη</em></span> <span class='ocrx_word' id='word_1_5' title='bbox 633 298 698 339; x_wconf 94' lang='grc' dir='ltr'><em>Μ.</em></span> <span class='ocrx_word' id='word_1_6' title='bbox 718 298 820 341; x_wconf 91' lang='lat' dir='ltr'><em>Ald.</em></span> <span class='ocrx_word' id='word_1_7' title='bbox 846 301 983 341; x_wconf 88' lang='lat' dir='ltr'>Turn.</span> 
     </span>
    </p>

    <p class='ocr_par' dir='ltr' id='par_1_3' title="bbox 426 363 1139 420">
     <span class='ocr_line' id='line_1_3' title="bbox 426 363 1139 420; baseline 0.006 -17"><span class='ocrx_word' id='word_1_8' title='bbox 426 363 656 418; x_wconf 84' lang='lat'>128—133.</span> <span class='ocrx_word' id='word_1_9' title='bbox 700 366 750 406; x_wconf 89' lang='lat' dir='ltr'><em>V.</em></span> <span class='ocrx_word' id='word_1_10' title='bbox 770 366 822 406; x_wconf 86' lang='lat' dir='ltr'><em>ad</em></span> <span class='ocrx_word' id='word_1_11' title='bbox 843 381 882 408; x_wconf 91' lang='lat' dir='ltr'><em>v.</em></span> <span class='ocrx_word' id='word_1_12' title='bbox 905 378 1139 420; x_wconf 82' lang='lat'>117—121.</span> 
     </span>
    </p>

    <p class='ocr_par' dir='ltr' id='par_1_4' title="bbox 426 431 1155 486">
     <span class='ocr_line' id='line_1_4' title="bbox 426 431 1155 486; baseline 0.005 -16"><span class='ocrx_word' id='word_1_13' title='bbox 426 431 520 471; x_wconf 89' lang='lat'>128.</span> <span class='ocrx_word' id='word_1_14' title='bbox 544 431 715 486; x_wconf 78' lang='grc' dir='ltr'>ἱλέομαι]</span> <span class='ocrx_word' id='word_1_15' title='bbox 741 432 904 484; x_wconf 73' lang='grc' dir='ltr'>ἱλέωμαι</span> <span class='ocrx_word' id='word_1_16' title='bbox 924 433 1023 474; x_wconf 88' lang='lat' dir='ltr'><em>Ald.</em></span> <span class='ocrx_word' id='word_1_17' title='bbox 1046 433 1155 474; x_wconf 89' lang='lat' dir='ltr'>Rob.</span> 
     </span>
    </p>

    <p class='ocr_par' dir='ltr' id='par_1_5' title="bbox 427 498 931 552">
     <span class='ocr_line' id='line_1_5' title="bbox 427 498 931 552; baseline 0.008 -16"><span class='ocrx_word' id='word_1_18' title='bbox 427 509 518 552; x_wconf 83' lang='lat'>129.</span> <span class='ocrx_word' id='word_1_19' title='bbox 540 498 676 552; x_wconf 77' lang='grc' dir='ltr'>αὐδὰν]</span> <span class='ocrx_word' id='word_1_20' title='bbox 702 499 799 539; x_wconf 81' lang='grc' dir='ltr'>αὐδᾶ,</span> <span class='ocrx_word' id='word_1_21' title='bbox 820 499 931 540; x_wconf 85' lang='lat' dir='ltr'>Rob.</span> 
     </span>
    </p>

    <p class='ocr_par' dir='ltr' id='par_1_6' title="bbox 368 564 1803 681">
     <span class='ocr_line' id='line_1_6' title="bbox 428 564 1803 618; baseline 0.003 -17"><span class='ocrx_word' id='word_1_22' title='bbox 428 575 520 617; x_wconf 87' lang='lat'>130.</span> <span class='ocrx_word' id='word_1_23' title='bbox 552 564 738 618; x_wconf 82' lang='grc' dir='ltr'>εὗακοεῖς]</span> <span class='ocrx_word' id='word_1_24' title='bbox 770 566 994 617; x_wconf 83' lang='grc' dir='ltr'>εὐγακόννις</span> <span class='ocrx_word' id='word_1_25' title='bbox 1022 566 1086 606; x_wconf 92' lang='grc' dir='ltr'><em>Μ.</em></span> <span class='ocrx_word' id='word_1_26' title='bbox 1108 566 1206 606; x_wconf 86' lang='lat' dir='ltr'><em>Par.</em></span> <span class='ocrx_word' id='word_1_27' title='bbox 1250 565 1477 616; x_wconf 83' lang='grc' dir='ltr'>ἐνγακόννις</span> <span class='ocrx_word' id='word_1_28' title='bbox 1506 564 1645 605; x_wconf 86' lang='lat' dir='ltr'><strong>Guelf.</strong></span> <span class='ocrx_word' id='word_1_29' title='bbox 1691 566 1803 617; x_wconf 87' lang='grc' dir='ltr'>ε’νγα-</span> 
     </span>
     <span class='ocr_line' id='line_1_7' title="bbox 368 629 646 681; baseline 0.007 -12"><span class='ocrx_word' id='word_1_30' title='bbox 368 630 526 681; x_wconf 87' lang='grc' dir='ltr'>γρόνοις</span> <span class='ocrx_word' id='word_1_31' title='bbox 545 629 646 671; x_wconf 87' lang='lat' dir='ltr'><em>Ald.</em></span> 
     </span>
    </p>

    <p class='ocr_par' dir='ltr' id='par_1_7' title="bbox 429 697 1755 753">
     <span class='ocr_line' id='line_1_8' title="bbox 429 697 1755 753; baseline 0.002 -18"><span class='ocrx_word' id='word_1_32' title='bbox 429 708 518 749; x_wconf 84' lang='lat'>131.</span> <span class='ocrx_word' id='word_1_33' title='bbox 543 697 726 751; x_wconf 76' lang='grc' dir='ltr'>ἐμπίτνω]</span> <span class='ocrx_word' id='word_1_34' title='bbox 748 699 915 749; x_wconf 83' lang='grc' dir='ltr'>ε’μπιτνῶ</span> <span class='ocrx_word' id='word_1_35' title='bbox 934 697 1039 747; x_wconf 82' lang='lat' dir='ltr'>libri,</span> <span class='ocrx_word' id='word_1_36' title='bbox 1056 697 1169 753; x_wconf 89' lang='lat' dir='ltr'><strong>quod</strong></span> <span class='ocrx_word' id='word_1_37' title='bbox 1192 699 1355 738; x_wconf 81' lang='grc' dir='ltr'>ἐνπιτνῶ</span> <span class='ocrx_word' id='word_1_38' title='bbox 1376 697 1571 752; x_wconf 83' lang='lat' dir='ltr'><em>scriptum</em></span> <span class='ocrx_word' id='word_1_39' title='bbox 1593 697 1635 737; x_wconf 90' lang='lat' dir='ltr'><em>in</em></span> <span class='ocrx_word' id='word_1_40' title='bbox 1655 697 1755 738; x_wconf 86' lang='lat' dir='ltr'><em>Ald.</em></span> 
     </span>
    </p>

    <p class='ocr_par' dir='ltr' id='par_1_8' title="bbox 430 763 1293 817">
     <span class='ocr_line' id='line_1_9' title="bbox 430 763 1293 817; baseline 0.005 -16"><span class='ocrx_word' id='word_1_41' title='bbox 430 773 518 815; x_wconf 80' lang='grc'><strong>132.</strong></span> <span class='ocrx_word' id='word_1_42' title='bbox 542 763 729 817; x_wconf 84' lang='grc' dir='ltr'>λίνοισιν]</span> <span class='ocrx_word' id='word_1_43' title='bbox 751 766 920 804; x_wconf 83' lang='grc' dir='ltr'>αἵνοισιν</span> <span class='ocrx_word' id='word_1_44' title='bbox 941 765 1007 804; x_wconf 93' lang='grc' dir='ltr'><em>Μ.</em></span> <span class='ocrx_word' id='word_1_45' title='bbox 1030 764 1170 805; x_wconf 87' lang='lat' dir='ltr'><strong>Guelf.</strong></span> <span class='ocrx_word' id='word_1_46' title='bbox 1192 763 1293 805; x_wconf 88' lang='lat' dir='ltr'><em>Ald.</em></span> 
     </span>
    </p>

    <p class='ocr_par' dir='ltr' id='par_1_9' title="bbox 426 829 943 884">
     <span class='ocr_line' id='line_1_10' title="bbox 426 829 943 884; baseline 0.006 -16"><span class='ocrx_word' id='word_1_47' title='bbox 426 829 600 883; x_wconf 76' lang='grc' dir='ltr'>Σιδονίᾳ]</span> <span class='ocrx_word' id='word_1_48' title='bbox 622 832 788 884; x_wconf 78' lang='grc' dir='ltr'>Σιδωνίᾳ</span> <span class='ocrx_word' id='word_1_49' title='bbox 809 832 943 871; x_wconf 88' lang='lat' dir='ltr'>Turn.</span> 
     </span>
    </p>

    <p class='ocr_par' dir='ltr' id='par_1_10' title="bbox 363 895 1808 1484">
     <span class='ocr_line' id='line_1_11' title="bbox 429 895 1805 951; baseline 0.002 -18"><span class='ocrx_word' id='word_1_50' title='bbox 429 907 522 949; x_wconf 84' lang='lat'>133.</span> <span class='ocrx_word' id='word_1_51' title='bbox 551 895 895 950; x_wconf 84' lang='grc' dir='ltr'>πλάτα-πνοαῖς]</span> <span class='ocrx_word' id='word_1_52' title='bbox 922 896 1049 938; x_wconf 84' lang='lat' dir='ltr'><em>Stanl.</em></span> <span class='ocrx_word' id='word_1_53' title='bbox 1080 896 1137 937; x_wconf 87' lang='lat' dir='ltr'><em>ita</em></span> <span class='ocrx_word' id='word_1_54' title='bbox 1163 896 1367 937; x_wconf 82' lang='lat' dir='ltr'><strong>reddidit:</strong></span> <span class='ocrx_word' id='word_1_55' title='bbox 1399 897 1556 937; x_wconf 70' lang='lat' dir='ltr'><em>Remus</em></span> <span class='ocrx_word' id='word_1_56' title='bbox 1577 896 1738 951; x_wconf 71' lang='lat' dir='ltr'><em>quidem</em></span> <span class='ocrx_word' id='word_1_57' title='bbox 1766 902 1805 936; x_wconf 85' lang='lat' dir='ltr'><em>et</em></span> 
     </span>
     <span class='ocr_line' id='line_1_12' title="bbox 368 960 1802 1017; baseline 0.002 -17"><span class='ocrx_word' id='word_1_58' title='bbox 368 960 453 1001; x_wconf 77' lang='lat' dir='ltr'><em>lino</em></span> <span class='ocrx_word' id='word_1_59' title='bbox 481 967 652 1002; x_wconf 77' lang='lat' dir='ltr'><em>consuta</em></span> <span class='ocrx_word' id='word_1_60' title='bbox 681 962 824 1004; x_wconf 71' lang='lat' dir='ltr'><em>domus</em></span> <span class='ocrx_word' id='word_1_61' title='bbox 856 964 900 1016; x_wconf 89' lang='lat' dir='ltr'><em>(i.</em></span> <span class='ocrx_word' id='word_1_62' title='bbox 927 979 962 1004; x_wconf 89' lang='lat' dir='ltr'><em>e.</em></span> <span class='ocrx_word' id='word_1_63' title='bbox 994 963 1127 1015; x_wconf 82' lang='lat' dir='ltr'><em>navis)</em></span> <span class='ocrx_word' id='word_1_64' title='bbox 1158 977 1272 1003; x_wconf 82' lang='lat' dir='ltr'><em>mare</em></span> <span class='ocrx_word' id='word_1_65' title='bbox 1298 976 1443 1003; x_wconf 76' lang='lat' dir='ltr'><em>arcem·</em></span> <span class='ocrx_word' id='word_1_66' title='bbox 1475 977 1504 1002; x_wconf 83' lang='lat' dir='ltr'><em>a</em></span> <span class='ocrx_word' id='word_1_67' title='bbox 1539 963 1669 1017; x_wconf 73' lang='lat' dir='ltr'><em>ligno,</em></span> <span class='ocrx_word' id='word_1_68' title='bbox 1704 968 1802 1003; x_wconf 87' lang='lat' dir='ltr'><em>tem-</em></span> 
     </span>
     <span class='ocr_line' id='line_1_13' title="bbox 363 1028 1804 1086; baseline 0.001 -18"><span class='ocrx_word' id='word_1_69' title='bbox 363 1033 522 1082; x_wconf 79' lang='lat' dir='ltr'><em>pestate</em></span> <span class='ocrx_word' id='word_1_70' title='bbox 549 1029 888 1084; x_wconf 74' lang='lat' dir='ltr'><em>nullajactatam</em></span> <span class='ocrx_word' id='word_1_71' title='bbox 916 1044 977 1070; x_wconf 89' lang='lat' dir='ltr'><em>me</em></span> <span class='ocrx_word' id='word_1_72' title='bbox 1007 1031 1120 1071; x_wconf 75' lang='lat' dir='ltr'><em>misit</em></span> <span class='ocrx_word' id='word_1_73' title='bbox 1139 1031 1426 1086; x_wconf 74' lang='lat' dir='ltr'><em>cumflatibus.</em></span> <span class='ocrx_word' id='word_1_74' title='bbox 1477 1029 1659 1070; x_wconf 85' lang='lat' dir='ltr'><strong>Putabat</strong></span> <span class='ocrx_word' id='word_1_75' title='bbox 1686 1028 1804 1069; x_wconf 89' lang='lat' dir='ltr'><em>nimi-</em></span> 
     </span>
     <span class='ocr_line' id='line_1_14' title="bbox 370 1094 1806 1152; baseline 0.001 -18"><span class='ocrx_word' id='word_1_76' title='bbox 370 1109 461 1135; x_wconf 87' lang='lat' dir='ltr'><em>rum</em></span> <span class='ocrx_word' id='word_1_77' title='bbox 494 1095 572 1136; x_wconf 82' lang='grc' dir='ltr'><em>ἅλα</em></span> <span class='ocrx_word' id='word_1_78' title='bbox 602 1095 754 1149; x_wconf 83' lang='grc' dir='ltr'>στέγων</span> <span class='ocrx_word' id='word_1_79' title='bbox 782 1112 875 1137; x_wconf 87' lang='lat' dir='ltr'><em>cum</em></span> <span class='ocrx_word' id='word_1_80' title='bbox 916 1097 1028 1149; x_wconf 87' lang='grc' dir='ltr'>δορὸς</span> <span class='ocrx_word' id='word_1_81' title='bbox 1058 1096 1391 1152; x_wconf 87' lang='lat' dir='ltr'><em>conjungendum</em></span> <span class='ocrx_word' id='word_1_82' title='bbox 1426 1111 1523 1136; x_wconf 85' lang='lat' dir='ltr'><strong>esse.</strong></span> <span class='ocrx_word' id='word_1_83' title='bbox 1582 1097 1645 1136; x_wconf 93' lang='lat' dir='ltr'><em>At</em></span> <span class='ocrx_word' id='word_1_84' title='bbox 1676 1094 1806 1136; x_wconf 87' lang='lat' dir='ltr'><em>multo</em></span> 
     </span>
     <span class='ocr_line' id='line_1_15' title="bbox 370 1160 1806 1218; baseline 0.001 -17"><span class='ocrx_word' id='word_1_85' title='bbox 370 1160 595 1216; x_wconf 88' lang='lat' dir='ltr'><em>elegantius</em></span> <span class='ocrx_word' id='word_1_86' title='bbox 615 1162 900 1218; x_wconf 84' lang='lat' dir='ltr'><strong>AEschyloque</strong></span> <span class='ocrx_word' id='word_1_87' title='bbox 919 1163 1085 1218; x_wconf 88' lang='lat' dir='ltr'><em>dignius</em></span> <span class='ocrx_word' id='word_1_88' title='bbox 1105 1163 1316 1216; x_wconf 86' lang='grc' dir='ltr'>ἇχείματον</span> <span class='ocrx_word' id='word_1_89' title='bbox 1339 1162 1450 1215; x_wconf 87' lang='grc' dir='ltr'>δορὸς</span> <span class='ocrx_word' id='word_1_90' title='bbox 1479 1162 1689 1217; x_wconf 86' lang='lat' dir='ltr'><em>significat,</em></span> <span class='ocrx_word' id='word_1_91' title='bbox 1710 1177 1806 1202; x_wconf 90' lang='lat' dir='ltr'><em>eum</em></span> 
     </span>
     <span class='ocr_line' id='line_1_16' title="bbox 370 1228 1807 1285; baseline 0.001 -18"><span class='ocrx_word' id='word_1_92' title='bbox 370 1228 443 1283; x_wconf 85' lang='lat' dir='ltr'><em>qui</em></span> <span class='ocrx_word' id='word_1_93' title='bbox 472 1228 565 1268; x_wconf 74' lang='lat' dir='ltr'><em>belli</em></span> <span class='ocrx_word' id='word_1_94' title='bbox 595 1234 868 1285; x_wconf 75' lang='lat' dir='ltr'><em>tempestatem</em></span> <span class='ocrx_word' id='word_1_95' title='bbox 897 1230 1011 1270; x_wconf 77' lang='lat' dir='ltr'><em>haud</em></span> <span class='ocrx_word' id='word_1_96' title='bbox 1038 1236 1229 1285; x_wconf 73' lang='lat' dir='ltr'><em>expertus</em></span> <span class='ocrx_word' id='word_1_97' title='bbox 1252 1235 1325 1270; x_wconf 75' lang='lat' dir='ltr'><em>est.</em></span> <span class='ocrx_word' id='word_1_98' title='bbox 1377 1229 1581 1284; x_wconf 88' lang='lat' dir='ltr'><em>Adeoque</em></span> <span class='ocrx_word' id='word_1_99' title='bbox 1601 1228 1807 1270; x_wconf 83' lang='lat' dir='ltr'><strong>Danaides</strong></span> 
     </span>
     <span class='ocr_line' id='line_1_17' title="bbox 370 1294 1807 1352; baseline 0 -17"><span class='ocrx_word' id='word_1_100' title='bbox 370 1294 506 1335; x_wconf 85' lang='lat' dir='ltr'><strong>felices</strong></span> <span class='ocrx_word' id='word_1_101' title='bbox 535 1310 577 1335; x_wconf 91' lang='lat' dir='ltr'><em>se</em></span> <span class='ocrx_word' id='word_1_102' title='bbox 606 1295 843 1351; x_wconf 76' lang='lat' dir='ltr'><em>praedicant,</em></span> <span class='ocrx_word' id='word_1_103' title='bbox 871 1297 984 1352; x_wconf 91' lang='lat' dir='ltr'><strong>quod</strong></span> <span class='ocrx_word' id='word_1_104' title='bbox 1013 1297 1142 1347; x_wconf 89' lang='lat' dir='ltr'><em>navis,</em></span> <span class='ocrx_word' id='word_1_105' title='bbox 1169 1311 1252 1351; x_wconf 90' lang='lat' dir='ltr'><em>qua</em></span> <span class='ocrx_word' id='word_1_106' title='bbox 1284 1305 1411 1337; x_wconf 87' lang='lat' dir='ltr'><em>vectae</em></span> <span class='ocrx_word' id='word_1_107' title='bbox 1439 1295 1533 1345; x_wconf 84' lang='lat' dir='ltr'><em>sint,</em></span> <span class='ocrx_word' id='word_1_108' title='bbox 1563 1295 1683 1350; x_wconf 83' lang='lat' dir='ltr'><em>ipsas,</em></span> <span class='ocrx_word' id='word_1_109' title='bbox 1712 1294 1807 1336; x_wconf 82' lang='lat' dir='ltr'><strong>belli</strong></span> 
     </span>
     <span class='ocr_line' id='line_1_18' title="bbox 372 1361 1808 1419; baseline 0 -17"><span class='ocrx_word' id='word_1_110' title='bbox 372 1371 626 1418; x_wconf 88' lang='lat' dir='ltr'><em>tempestate,</em></span> <span class='ocrx_word' id='word_1_111' title='bbox 648 1377 743 1417; x_wconf 89' lang='lat' dir='ltr'><em>quae</em></span> <span class='ocrx_word' id='word_1_112' title='bbox 763 1362 837 1403; x_wconf 84' lang='lat' dir='ltr'><em>sibi</em></span> <span class='ocrx_word' id='word_1_113' title='bbox 859 1364 911 1404; x_wconf 88' lang='lat' dir='ltr'><em>ab</em></span> <span class='ocrx_word' id='word_1_114' title='bbox 928 1363 1106 1419; x_wconf 85' lang='lat' dir='ltr'><em>AEgypti</em></span> <span class='ocrx_word' id='word_1_115' title='bbox 1122 1363 1213 1404; x_wconf 86' lang='lat' dir='ltr'><em>filiis</em></span> <span class='ocrx_word' id='word_1_116' title='bbox 1230 1362 1482 1411; x_wconf 84' lang='lat' dir='ltr'><em>imminebat,</em></span> <span class='ocrx_word' id='word_1_117' title='bbox 1502 1361 1663 1410; x_wconf 83' lang='lat' dir='ltr'><em>evitata,</em></span> <span class='ocrx_word' id='word_1_118' title='bbox 1679 1362 1808 1403; x_wconf 84' lang='lat' dir='ltr'><em>ventis</em></span> 
     </span>
     <span class='ocr_line' id='line_1_19' title="bbox 373 1428 1654 1484; baseline 0 -15"><span class='ocrx_word' id='word_1_119' title='bbox 373 1428 561 1476; x_wconf 68' lang='lat' dir='ltr'><em>secundis</em></span> <span class='ocrx_word' id='word_1_120' title='bbox 582 1431 720 1484; x_wconf 83' lang='lat' dir='ltr'>Argos</span> <span class='ocrx_word' id='word_1_121' title='bbox 740 1429 943 1471; x_wconf 86' lang='lat' dir='ltr'><em>detulerit.</em></span> <span class='ocrx_word' id='word_1_122' title='bbox 977 1431 1107 1471; x_wconf 91' lang='lat' dir='ltr'>SCH.</span> <span class='ocrx_word' id='word_1_123' title='bbox 1150 1431 1378 1482; x_wconf 86' lang='grc' dir='ltr'>λινορραφίς</span> <span class='ocrx_word' id='word_1_124' title='bbox 1398 1429 1499 1470; x_wconf 90' lang='lat' dir='ltr'><em>Ald.</em></span> <span class='ocrx_word' id='word_1_125' title='bbox 1522 1430 1654 1469; x_wconf 84' lang='lat' dir='ltr'>Turn.</span> 
     </span>
    </p>

    <p class='ocr_par' dir='ltr' id='par_1_11' title="bbox 435 1496 1494 1550">
     <span class='ocr_line' id='line_1_20' title="bbox 435 1496 1494 1550; baseline -0.001 -13"><span class='ocrx_word' id='word_1_126' title='bbox 435 1497 526 1550; x_wconf 84' lang='lat'>136.</span> <span class='ocrx_word' id='word_1_127' title='bbox 549 1496 776 1550; x_wconf 84' lang='grc' dir='ltr'>ἀχείματον]</span> <span class='ocrx_word' id='word_1_128' title='bbox 799 1498 990 1550; x_wconf 84' lang='grc' dir='ltr'>ἆχίματον</span> <span class='ocrx_word' id='word_1_129' title='bbox 1011 1498 1076 1537; x_wconf 89' lang='grc' dir='ltr'><em>Μ.</em></span> <span class='ocrx_word' id='word_1_130' title='bbox 1099 1496 1239 1537; x_wconf 86' lang='lat' dir='ltr'><strong>Guelf.</strong></span> <span class='ocrx_word' id='word_1_131' title='bbox 1265 1496 1361 1536; x_wconf 90' lang='lat' dir='ltr'><em>Ald.</em></span> <span class='ocrx_word' id='word_1_132' title='bbox 1385 1496 1494 1536; x_wconf 86' lang='lat' dir='ltr'>Rob.</span> 
     </span>
    </p>

    <p class='ocr_par' dir='ltr' id='par_1_12' title="bbox 431 1560 1807 1618">
     <span class='ocr_line' id='line_1_21' title="bbox 431 1560 1807 1618; baseline -0.001 -14"><span class='ocrx_word' id='word_1_133' title='bbox 431 1563 505 1604; x_wconf 81' lang='grc' dir='ltr'>σὺν</span> <span class='ocrx_word' id='word_1_134' title='bbox 523 1567 661 1606; x_wconf 85' lang='grc' dir='ltr'>πνοαῖς</span> <span class='ocrx_word' id='word_1_135' title='bbox 681 1564 900 1604; x_wconf 86' lang='lat' dir='ltr'>Porsonus.</span> <span class='ocrx_word' id='word_1_136' title='bbox 931 1564 1005 1604; x_wconf 74' lang='grc' dir='ltr'>σὺν</span> <span class='ocrx_word' id='word_1_137' title='bbox 1024 1567 1175 1606; x_wconf 82' lang='grc' dir='ltr'>πνοιαῖς</span> <span class='ocrx_word' id='word_1_138' title='bbox 1197 1562 1339 1618; x_wconf 88' lang='lat' dir='ltr'><em>Steph.</em></span> <span class='ocrx_word' id='word_1_139' title='bbox 1367 1564 1595 1613; x_wconf 86' lang='grc' dir='ltr'>συμπνοιαΐς</span> <span class='ocrx_word' id='word_1_140' title='bbox 1615 1561 1678 1601; x_wconf 93' lang='grc' dir='ltr'><em>Μ.</em></span> <span class='ocrx_word' id='word_1_141' title='bbox 1696 1560 1807 1602; x_wconf 87' lang='lat' dir='ltr'>Rob.</span> 
     </span>
    </p>
   </div>
   <div class='ocr_carea' id='block_1_3' title="bbox 375 1629 1035 1672">
    <p class='ocr_par' dir='ltr' id='par_1_13' title="bbox 375 1629 1035 1672">
     <span class='ocr_line' id='line_1_22' title="bbox 375 1629 1035 1672; baseline 0 -2"><span class='ocrx_word' id='word_1_142' title='bbox 375 1629 424 1670; x_wconf 83' lang='grc' dir='ltr'>ἂν</span> <span class='ocrx_word' id='word_1_143' title='bbox 443 1633 593 1672; x_wconf 83' lang='grc' dir='ltr'>πνοιαῖς</span> <span class='ocrx_word' id='word_1_144' title='bbox 614 1629 756 1670; x_wconf 88' lang='lat' dir='ltr'><strong>Guelf.</strong></span> <span class='ocrx_word' id='word_1_145' title='bbox 776 1630 879 1670; x_wconf 90' lang='lat' dir='ltr'><em>Ald.</em></span> <span class='ocrx_word' id='word_1_146' title='bbox 902 1631 1035 1670; x_wconf 90' lang='lat' dir='ltr'>Turn.</span> 
     </span>
    </p>
   </div>
   <div class='ocr_carea' id='block_1_4' title="bbox 376 1694 1808 1813">
    <p class='ocr_par' dir='ltr' id='par_1_14' title="bbox 376 1694 1808 1813">
     <span class='ocr_line' id='line_1_23' title="bbox 437 1694 1808 1752; baseline 0 -18"><span class='ocrx_word' id='word_1_147' title='bbox 437 1696 526 1749; x_wconf 84' lang='lat'>138.</span> <span class='ocrx_word' id='word_1_148' title='bbox 557 1698 740 1739; x_wconf 76' lang='grc' dir='ltr'>τελευτὰς</span> <span class='ocrx_word' id='word_1_149' title='bbox 762 1696 999 1752; x_wconf 86' lang='lat' dir='ltr'><em>Burgesius.</em></span> <span class='ocrx_word' id='word_1_150' title='bbox 1042 1698 1224 1738; x_wconf 73' lang='grc' dir='ltr'>τελευτὰς</span> <span class='ocrx_word' id='word_1_151' title='bbox 1253 1694 1356 1735; x_wconf 86' lang='lat' dir='ltr'>libri.</span> <span class='ocrx_word' id='word_1_152' title='bbox 1399 1696 1808 1746; x_wconf 78' lang='grc' dir='ltr'>τελευτὰν-πρευμε-</span> 
     </span>
     <span class='ocr_line' id='line_1_24' title="bbox 376 1761 674 1813; baseline 0 -10"><span class='ocrx_word' id='word_1_153' title='bbox 376 1761 445 1813; x_wconf 79' lang='grc' dir='ltr'>νὴς</span> <span class='ocrx_word' id='word_1_154' title='bbox 466 1762 674 1803; x_wconf 85' lang='lat' dir='ltr'><em>Butlerus.</em></span> 
     </span>
    </p>
   </div>
   <div class='ocr_carea' id='block_1_5' title="bbox 379 1828 1815 2942">
    <p class='ocr_par' dir='ltr' id='par_1_15' title="bbox 433 1828 953 1883">
     <span class='ocr_line' id='line_1_25' title="bbox 433 1828 953 1883; baseline -0.002 -14"><span class='ocrx_word' id='word_1_155' title='bbox 433 1828 464 1869; x_wconf 89' lang='grc' dir='ltr'><em>δ’</em></span> <span class='ocrx_word' id='word_1_156' title='bbox 487 1829 545 1883; x_wconf 80' lang='grc' dir='ltr'>ἐν]</span> <span class='ocrx_word' id='word_1_157' title='bbox 568 1831 612 1870; x_wconf 92' lang='grc' dir='ltr'>ε’ν</span> <span class='ocrx_word' id='word_1_158' title='bbox 631 1831 672 1870; x_wconf 83' lang='grc' dir='ltr'><em>δὲ</em></span> <span class='ocrx_word' id='word_1_159' title='bbox 694 1829 795 1870; x_wconf 89' lang='lat' dir='ltr'><em>Ald.</em></span> <span class='ocrx_word' id='word_1_160' title='bbox 820 1830 953 1869; x_wconf 88' lang='lat' dir='ltr'>Turn.</span> 
     </span>
    </p>

    <p class='ocr_par' dir='ltr' id='par_1_16' title="bbox 436 1894 1349 1951">
     <span class='ocr_line' id='line_1_26' title="bbox 436 1894 1349 1951; baseline -0.001 -15"><span class='ocrx_word' id='word_1_161' title='bbox 436 1907 528 1947; x_wconf 89' lang='lat'>140.</span> <span class='ocrx_word' id='word_1_162' title='bbox 550 1897 795 1951; x_wconf 84' lang='grc' dir='ltr'>πρευμενεῖς]</span> <span class='ocrx_word' id='word_1_163' title='bbox 816 1896 1030 1948; x_wconf 79' lang='grc' dir='ltr'>πρευμενὴς</span> <span class='ocrx_word' id='word_1_164' title='bbox 1050 1896 1185 1935; x_wconf 88' lang='lat' dir='ltr'>Turn.</span> <span class='ocrx_word' id='word_1_165' title='bbox 1207 1894 1349 1949; x_wconf 86' lang='lat' dir='ltr'><em>Steph.</em></span> 
     </span>
    </p>

    <p class='ocr_par' dir='ltr' id='par_1_17' title="bbox 438 1961 1300 2015">
     <span class='ocr_line' id='line_1_27' title="bbox 438 1961 1300 2015; baseline -0.002 -13"><span class='ocrx_word' id='word_1_166' title='bbox 438 1974 529 2014; x_wconf 82' lang='lat'>142.</span> <span class='ocrx_word' id='word_1_167' title='bbox 551 1962 924 2015; x_wconf 77' lang='grc' dir='ltr'>σπέρμα-ματρὸς]</span> <span class='ocrx_word' id='word_1_168' title='bbox 944 1961 1300 2002; x_wconf 82' lang='lat' dir='ltr'><em>Danaides—Ius.</em></span> 
     </span>
    </p>

    <p class='ocr_par' dir='ltr' id='par_1_18' title="bbox 437 2025 1449 2083">
     <span class='ocr_line' id='line_1_28' title="bbox 437 2025 1449 2083; baseline -0.004 -14"><span class='ocrx_word' id='word_1_169' title='bbox 437 2041 530 2083; x_wconf 83' lang='lat'>143.</span> <span class='ocrx_word' id='word_1_170' title='bbox 555 2041 646 2082; x_wconf 85' lang='lat'>153.</span> <span class='ocrx_word' id='word_1_171' title='bbox 669 2028 864 2079; x_wconf 83' lang='grc' dir='ltr'>ἀδάματον</span> <span class='ocrx_word' id='word_1_172' title='bbox 884 2028 1074 2069; x_wconf 83' lang='lat' dir='ltr'><em>Bothius.</em></span> <span class='ocrx_word' id='word_1_173' title='bbox 1106 2027 1325 2078; x_wconf 85' lang='grc' dir='ltr'>ἀδάμαντον</span> <span class='ocrx_word' id='word_1_174' title='bbox 1346 2025 1449 2066; x_wconf 84' lang='lat' dir='ltr'><strong>libri.</strong></span> 
     </span>
    </p>

    <p class='ocr_par' dir='ltr' id='par_1_19' title="bbox 438 2092 1496 2149">
     <span class='ocr_line' id='line_1_29' title="bbox 438 2092 1496 2149; baseline -0.003 -13"><span class='ocrx_word' id='word_1_175' title='bbox 438 2108 532 2148; x_wconf 83' lang='lat'>144.</span> <span class='ocrx_word' id='word_1_176' title='bbox 554 2095 728 2136; x_wconf 86' lang='grc' dir='ltr'>θέλουσα</span> <span class='ocrx_word' id='word_1_177' title='bbox 748 2094 779 2135; x_wconf 86' lang='grc' dir='ltr'><em>δ’</em></span> <span class='ocrx_word' id='word_1_178' title='bbox 802 2095 860 2149; x_wconf 79' lang='grc' dir='ltr'><em>εὖ]</em></span> <span class='ocrx_word' id='word_1_179' title='bbox 882 2094 1077 2135; x_wconf 82' lang='grc' dir='ltr'>θέλουσαν</span> <span class='ocrx_word' id='word_1_180' title='bbox 1097 2093 1127 2134; x_wconf 89' lang='grc' dir='ltr'><em>δ’</em></span> <span class='ocrx_word' id='word_1_181' title='bbox 1150 2095 1218 2134; x_wconf 76' lang='grc' dir='ltr'>οὖν</span> <span class='ocrx_word' id='word_1_182' title='bbox 1237 2092 1340 2134; x_wconf 90' lang='lat' dir='ltr'><em>Ald.</em></span> <span class='ocrx_word' id='word_1_183' title='bbox 1362 2094 1496 2133; x_wconf 78' lang='lat' dir='ltr'>Turn.</span> 
     </span>
    </p>

    <p class='ocr_par' dir='ltr' id='par_1_20' title="bbox 379 2159 1810 2279">
     <span class='ocr_line' id='line_1_30' title="bbox 435 2159 1810 2216; baseline -0.002 -14"><span class='ocrx_word' id='word_1_184' title='bbox 435 2161 553 2216; x_wconf 80' lang='grc' dir='ltr'>ἁγνά]</span> <span class='ocrx_word' id='word_1_185' title='bbox 578 2163 683 2214; x_wconf 80' lang='grc' dir='ltr'><em>ἆγμᾶ</em></span> <span class='ocrx_word' id='word_1_186' title='bbox 703 2162 803 2202; x_wconf 92' lang='lat' dir='ltr'><em>Ald.</em></span> <span class='ocrx_word' id='word_1_187' title='bbox 837 2161 962 2213; x_wconf 82' lang='grc' dir='ltr'>ἁγνάν</span> <span class='ocrx_word' id='word_1_188' title='bbox 983 2162 1122 2201; x_wconf 85' lang='lat' dir='ltr'>Turn.</span> <span class='ocrx_word' id='word_1_189' title='bbox 1143 2160 1311 2200; x_wconf 83' lang='lat' dir='ltr'><em>fortasse</em></span> <span class='ocrx_word' id='word_1_190' title='bbox 1331 2174 1381 2199; x_wconf 86' lang='lat' dir='ltr'><em>ex</em></span> <span class='ocrx_word' id='word_1_191' title='bbox 1401 2159 1625 2200; x_wconf 86' lang='lat' dir='ltr'><em>scholiastae</em></span> <span class='ocrx_word' id='word_1_192' title='bbox 1643 2167 1810 2200; x_wconf 86' lang='lat' dir='ltr'><em>annota-</em></span> 
     </span>
     <span class='ocr_line' id='line_1_31' title="bbox 379 2226 1061 2279; baseline -0.003 -10"><span class='ocrx_word' id='word_1_193' title='bbox 379 2228 500 2278; x_wconf 82' lang='lat' dir='ltr'><em>tione,</em></span> <span class='ocrx_word' id='word_1_194' title='bbox 522 2227 718 2269; x_wconf 85' lang='grc' dir='ltr'>θέλουσάν</span> <span class='ocrx_word' id='word_1_195' title='bbox 736 2244 785 2279; x_wconf 87' lang='grc' dir='ltr'><em>με</em></span> <span class='ocrx_word' id='word_1_196' title='bbox 806 2227 906 2268; x_wconf 77' lang='grc' dir='ltr'>εἶναι</span> <span class='ocrx_word' id='word_1_197' title='bbox 926 2226 1061 2279; x_wconf 83' lang='grc' dir='ltr'>ἁγνήν.</span> 
     </span>
    </p>

    <p class='ocr_par' dir='ltr' id='par_1_21' title="bbox 381 2289 1811 2402">
     <span class='ocr_line' id='line_1_32' title="bbox 440 2289 1811 2347; baseline -0.002 -13"><span class='ocrx_word' id='word_1_198' title='bbox 440 2296 533 2346; x_wconf 87' lang='grc'><strong>146.</strong></span> <span class='ocrx_word' id='word_1_199' title='bbox 554 2292 663 2345; x_wconf 89' lang='grc' dir='ltr'>σέμν’</span> <span class='ocrx_word' id='word_1_200' title='bbox 686 2293 830 2347; x_wconf 80' lang='grc' dir='ltr'>ἐνώπι’]</span> <span class='ocrx_word' id='word_1_201' title='bbox 856 2294 943 2343; x_wconf 74' lang='grc' dir='ltr'>σεμ’</span> <span class='ocrx_word' id='word_1_202' title='bbox 971 2292 990 2333; x_wconf 77' lang='grc' dir='ltr'>ἓ</span> <span class='ocrx_word' id='word_1_203' title='bbox 1018 2291 1132 2333; x_wconf 80' lang='grc' dir='ltr'>πῶπι’</span> <span class='ocrx_word' id='word_1_204' title='bbox 1153 2291 1253 2332; x_wconf 88' lang='lat' dir='ltr'><em>Ald.</em></span> <span class='ocrx_word' id='word_1_205' title='bbox 1283 2306 1334 2331; x_wconf 83' lang='lat' dir='ltr'><em>ex</em></span> <span class='ocrx_word' id='word_1_206' title='bbox 1354 2306 1443 2347; x_wconf 70' lang='lat' dir='ltr'><em>quo⁴</em></span> <span class='ocrx_word' id='word_1_207' title='bbox 1461 2289 1498 2343; x_wconf 85' lang='grc' dir='ltr'><em>μ’</em></span> <span class='ocrx_word' id='word_1_208' title='bbox 1531 2290 1588 2332; x_wconf 79' lang='grc' dir='ltr'><em>ἐπ’</em></span> <span class='ocrx_word' id='word_1_209' title='bbox 1614 2291 1689 2332; x_wconf 59' lang='lat' dir='ltr'><em>dmi</em></span> <span class='ocrx_word' id='word_1_210' title='bbox 1715 2290 1811 2331; x_wconf 78' lang='lat' dir='ltr'><em>fecit</em></span> 
     </span>
     <span class='ocr_line' id='line_1_33' title="bbox 381 2363 519 2402; baseline -0.007 0"><span class='ocrx_word' id='word_1_211' title='bbox 381 2363 519 2402; x_wconf 87' lang='lat' dir='ltr'>Turn.</span> 
     </span>
    </p>

    <p class='ocr_par' dir='ltr' id='par_1_22' title="bbox 383 2423 1814 2603">
     <span class='ocr_line' id='line_1_34' title="bbox 438 2423 1811 2482; baseline -0.004 -14"><span class='ocrx_word' id='word_1_212' title='bbox 438 2429 634 2482; x_wconf 89' lang='lat' dir='ltr'><em>Ineptum</em></span> <span class='ocrx_word' id='word_1_213' title='bbox 668 2434 729 2467; x_wconf 89' lang='lat' dir='ltr'><em>est</em></span> <span class='ocrx_word' id='word_1_214' title='bbox 759 2427 954 2478; x_wconf 81' lang='grc' dir='ltr'>ἀσφαλὲς,</span> <span class='ocrx_word' id='word_1_215' title='bbox 986 2424 1096 2479; x_wconf 88' lang='lat' dir='ltr'><strong>quod</strong></span> <span class='ocrx_word' id='word_1_216' title='bbox 1127 2438 1179 2465; x_wconf 83' lang='lat' dir='ltr'><em>ex</em></span> <span class='ocrx_word' id='word_1_217' title='bbox 1209 2439 1247 2464; x_wconf 78' lang='grc' dir='ltr'><em>ν.</em></span> <span class='ocrx_word' id='word_1_218' title='bbox 1279 2425 1371 2475; x_wconf 87' lang='lat'>148.</span> <span class='ocrx_word' id='word_1_219' title='bbox 1404 2423 1562 2465; x_wconf 85' lang='lat' dir='ltr'><em>illatum</em></span> <span class='ocrx_word' id='word_1_220' title='bbox 1594 2437 1733 2464; x_wconf 89' lang='lat' dir='ltr'><em>vocem</em></span> <span class='ocrx_word' id='word_1_221' title='bbox 1758 2423 1811 2464; x_wconf 87' lang='lat' dir='ltr'><em>ab</em></span> 
     </span>
     <span class='ocr_line' id='line_1_35' title="bbox 383 2488 1814 2549; baseline -0.003 -14"><span class='ocrx_word' id='word_1_222' title='bbox 383 2493 583 2549; x_wconf 84' lang='lat' dir='ltr'>AEschylo</span> <span class='ocrx_word' id='word_1_223' title='bbox 612 2493 677 2534; x_wconf 83' lang='lat' dir='ltr'><em>hic</em></span> <span class='ocrx_word' id='word_1_224' title='bbox 706 2493 878 2549; x_wconf 84' lang='lat' dir='ltr'><em>positam</em></span> <span class='ocrx_word' id='word_1_225' title='bbox 910 2491 1082 2547; x_wconf 82' lang='lat' dir='ltr'><em>expulit.</em></span> <span class='ocrx_word' id='word_1_226' title='bbox 1131 2492 1216 2531; x_wconf 91' lang='lat' dir='ltr'><em>Pro</em></span> <span class='ocrx_word' id='word_1_227' title='bbox 1246 2491 1437 2543; x_wconf 83' lang='grc' dir='ltr'>ἀσφαλῶς</span> <span class='ocrx_word' id='word_1_228' title='bbox 1470 2490 1625 2531; x_wconf 80' lang='lat' dir='ltr'><em>dictum</em></span> <span class='ocrx_word' id='word_1_229' title='bbox 1659 2488 1814 2545; x_wconf 86' lang='lat' dir='ltr'><em>accepit</em></span> 
     </span>
     <span class='ocr_line' id='line_1_36' title="bbox 383 2560 608 2603; baseline -0.013 0"><span class='ocrx_word' id='word_1_230' title='bbox 383 2560 608 2603; x_wconf 87' lang='lat' dir='ltr'><em>scholiasta.</em></span> 
     </span>
    </p>

    <p class='ocr_par' dir='ltr' id='par_1_23' title="bbox 384 2622 1813 2735">
     <span class='ocr_line' id='line_1_37' title="bbox 443 2622 1813 2681; baseline -0.004 -13"><span class='ocrx_word' id='word_1_231' title='bbox 443 2638 535 2681; x_wconf 90' lang='lat'>147.</span> <span class='ocrx_word' id='word_1_232' title='bbox 576 2624 780 2680; x_wconf 87' lang='grc' dir='ltr'>σθένουσι]</span> <span class='ocrx_word' id='word_1_233' title='bbox 821 2625 1019 2666; x_wconf 86' lang='grc' dir='ltr'>σθένουσα</span> <span class='ocrx_word' id='word_1_234' title='bbox 1061 2626 1195 2665; x_wconf 87' lang='lat' dir='ltr'>Turn.</span> <span class='ocrx_word' id='word_1_235' title='bbox 1263 2625 1474 2664; x_wconf 82' lang='lat' dir='ltr'><em>Neutrum·</em></span> <span class='ocrx_word' id='word_1_236' title='bbox 1504 2623 1643 2663; x_wconf 68' lang='lat' dir='ltr'><em>locum»</em></span> <span class='ocrx_word' id='word_1_237' title='bbox 1677 2622 1813 2663; x_wconf 67' lang='lat' dir='ltr'><em>habet.</em></span> 
     </span>
     <span class='ocr_line' id='line_1_38' title="bbox 384 2693 757 2735; baseline -0.003 -2"><span class='ocrx_word' id='word_1_238' title='bbox 384 2694 517 2735; x_wconf 89' lang='grc' dir='ltr'>σθένει</span> <span class='ocrx_word' id='word_1_239' title='bbox 538 2693 757 2734; x_wconf 86' lang='lat' dir='ltr'><em>Heathius.</em></span> 
     </span>
    </p>

    <p class='ocr_par' dir='ltr' id='par_1_24' title="bbox 385 2753 1815 2942">
     <span class='ocr_line' id='line_1_39' title="bbox 445 2753 1815 2812; baseline -0.004 -12"><span class='ocrx_word' id='word_1_240' title='bbox 445 2761 537 2812; x_wconf 91' lang='lat'>148.</span> <span class='ocrx_word' id='word_1_241' title='bbox 568 2763 769 2812; x_wconf 83' lang='grc' dir='ltr'>διωγμοΐσι</span> <span class='ocrx_word' id='word_1_242' title='bbox 798 2758 829 2798; x_wconf 89' lang='grc' dir='ltr'><em>δ’</em></span> <span class='ocrx_word' id='word_1_243' title='bbox 857 2757 1081 2812; x_wconf 74' lang='grc' dir='ltr'>ἀσφαλίας]</span> <span class='ocrx_word' id='word_1_244' title='bbox 1108 2758 1255 2797; x_wconf 80' lang='lat' dir='ltr'><strong>Versus</strong></span> <span class='ocrx_word' id='word_1_245' title='bbox 1282 2764 1511 2811; x_wconf 78' lang='lat' dir='ltr'><em>corr-uptus.</em></span> <span class='ocrx_word' id='word_1_246' title='bbox 1564 2754 1708 2795; x_wconf 88' lang='lat' dir='ltr'><em>Lectio</em></span> <span class='ocrx_word' id='word_1_247' title='bbox 1728 2753 1815 2794; x_wconf 90' lang='lat' dir='ltr'><strong>vul·</strong></span> 
     </span>
     <span class='ocr_line' id='line_1_40' title="bbox 385 2820 1814 2881; baseline -0.004 -14"><span class='ocrx_word' id='word_1_248' title='bbox 385 2836 482 2881; x_wconf 89' lang='lat' dir='ltr'><em>gata</em></span> <span class='ocrx_word' id='word_1_249' title='bbox 510 2826 642 2867; x_wconf 88' lang='lat' dir='ltr'>Turn.</span> <span class='ocrx_word' id='word_1_250' title='bbox 673 2834 714 2866; x_wconf 88' lang='lat' dir='ltr'><em>et</em></span> <span class='ocrx_word' id='word_1_251' title='bbox 746 2824 954 2880; x_wconf 83' lang='lat' dir='ltr'><em>Stephano</em></span> <span class='ocrx_word' id='word_1_252' title='bbox 982 2824 1166 2865; x_wconf 85' lang='lat' dir='ltr'><em>debetur.</em></span> <span class='ocrx_word' id='word_1_253' title='bbox 1210 2826 1411 2876; x_wconf 80' lang='grc' dir='ltr'>διωγμοῖσι</span> <span class='ocrx_word' id='word_1_254' title='bbox 1435 2824 1442 2878; x_wconf 86' lang='grc' dir='ltr'>Ι</span> <span class='ocrx_word' id='word_1_255' title='bbox 1467 2823 1499 2862; x_wconf 83' lang='grc' dir='ltr'><em>δ’</em></span> <span class='ocrx_word' id='word_1_256' title='bbox 1523 2820 1730 2873; x_wconf 85' lang='grc' dir='ltr'>ἆσφαλέας</span> <span class='ocrx_word' id='word_1_257' title='bbox 1749 2821 1814 2861; x_wconf 93' lang='grc' dir='ltr'><em>Μ.</em></span> 
     </span>
     <span class='ocr_line' id='line_1_41' title="bbox 391 2889 1236 2942; baseline -0.001 -11"><span class='ocrx_word' id='word_1_258' title='bbox 391 2890 533 2932; x_wconf 81' lang='lat' dir='ltr'><strong>Guelf.</strong></span> <span class='ocrx_word' id='word_1_259' title='bbox 554 2889 655 2931; x_wconf 93' lang='lat' dir='ltr'><em>Ald.</em></span> <span class='ocrx_word' id='word_1_260' title='bbox 686 2894 910 2942; x_wconf 86' lang='grc' dir='ltr'>διωγμοῖσιν</span> <span class='ocrx_word' id='word_1_261' title='bbox 929 2890 1108 2942; x_wconf 77' lang='grc' dir='ltr'>ἀσφαλὲς</span> <span class='ocrx_word' id='word_1_262' title='bbox 1127 2889 1236 2930; x_wconf 83' lang='lat' dir='ltr'>Rob.</span> 
     </span>
    </p>
   </div>
  </div>
 </body>
</html>
