1962 3224
585 178 676 219 AD
707 177 1241 219 AGAMEMNONEM.
1564 174 1649 215 403

243 302 258 330 1
272 303 363 343 144.
385 303 506 345 1¹45·
527 298 570 332 et
589 298 712 344 1154.
734 297 858 343 1155.
877 287 920 328 in
943 301 1073 328 unum
1095 299 1260 327 versum
1280 282 1575 340 conjungendi.

242 359 365 411 1146.
389 359 433 400 ἰὼ
454 357 519 415 ἰὼ]
546 355 641 398 Vid.
662 355 716 397 ad
737 371 776 397 v.
797 355 923 411 1136.

236 428 360 479 μόρον
405 424 588 479 ἀηδόνος]
642 423 807 476 ἀηδόνος
854 423 978 475 μόρον
1021 420 1129 462 libri.
1206 418 1487 476 Transposuit
1535 419 1648 460 Her-

181 507 371 534 mannus.

241 571 364 613 1147.
396 558 664 613 περιβάλοντο
692 559 829 599 Turn.
855 556 1001 614 Steph.
1031 555 1328 610 περιβάλλοντο
1350 553 1452 596 Ald.
1485 559 1651 608 περιβα-

177 629 319 672 λόντες
339 628 453 670 Flor.
476 630 534 670 T.
558 628 660 668 Ven.
692 625 972 679 παρεβάλοντο
995 626 1063 666 Μ.
1087 625 1200 666 Rob.

237 699 314 750 γὰρ
348 707 442 753 post
475 694 745 750 περιβάλοντο
776 693 906 750 vulgo
934 692 1088 735 lectum
1120 700 1216 749 post
1246 692 1367 745 δέμας
1396 690 1653 748 transposuit

181 765 465 806 Hermannus.
508 765 576 806 De
595 763 713 804 hiatu
733 761 1005 816 περιβάλοντό
1025 763 1063 803 οἱ
1082 777 1123 804 ν.
1146 760 1201 802 ad
1224 760 1355 818 Soph.
1378 759 1537 801 Electr.
1558 769 1650 815 195.

241 832 364 885 1148.
388 834 511 874 αἰῶνα
532 833 669 873 Turn.
691 846 746 872 ex
767 830 997 873 scholiasta.
1028 831 1165 885 ἀγῶνα
1183 829 1293 871 libri.

237 899 493 956 κλαυμάτων]
519 900 700 953 καμάτων
722 900 868 942 Guelf.
889 898 993 941 Ald.

242 979 367 1023 1151.
388 967 502 1024 δύας]
526 972 586 1010 δοι
605 968 707 1010 Ald.
739 967 771 1010 δ’
794 968 832 1010 οἳ
855 969 993 1009 Turn.

242 1048 256 1075 1
271 1048 365 1091 152.
388 1037 571 1092 ἐπιφόβῳ
595 1036 741 1093 Steph.
774 1036 838 1078 ἐπὶ
859 1037 977 1091 φόβῳ
998 1033 1102 1076 Ald.
1123 1032 1236 1075 Rob.
1262 1033 1400 1073 Turn.
1462 1031 1653 1073 Scriben-

179 1106 282 1149 dum
305 1107 486 1162 ἐπίφοβα
506 1124 557 1149 ex
581 1108 645 1151 Fl.
670 1109 727 1151 T.
747 1108 821 1165 qui
843 1101 1037 1162 ε’πίφόβέ.

243 1195 261 1222 1
274 1191 365 1236 153.
386 1183 638 1238 μελοτυπεῖς]
664 1174 900 1235 μὲλοτυπεῖς
923 1183 956 1223 F
960 1181 986 1223 l.
1017 1172 1254 1234 μῧλοτυπεῖς
1274 1180 1329 1221 Τ.

238 1250 284 1290 ἐν
314 1248 469 1306 νόμοις]
503 1250 684 1302 ἐννόμοις
715 1251 782 1291 Μ.
814 1249 919 1292 Ald.
953 1249 1064 1291 Rob.
1125 1247 1330 1290 Deleatur
1359 1261 1522 1288 comma
1555 1255 1653 1304 post

178 1320 416 1369 μελοτυπεῖς
463 1316 647 1374 positum
697 1326 739 1359 et
777 1317 820 1359 in
859 1318 943 1359 fine
981 1332 1126 1359 versus
1164 1315 1331 1373 signum
1370 1314 1654 1372 interrogandi

179 1393 375 1442 ponatur.

243 1463 365 1508 1154.
387 1452 518 1509 ὅρους]
543 1454 649 1502 Quis
670 1453 836 1495 tandem
857 1453 933 1494 tibi
953 1453 1060 1494 male
1078 1453 1309 1494 ominatam
1324 1451 1518 1493 divinam
1538 1452 1652 1493 viam

178 1522 326 1578 definit
341 1523 361 1562 ,9
406 1520 448 1562 h.
484 1536 518 1563 e.
551 1521 646 1577 quis
678 1520 753 1562 tibi
786 1519 893 1562 male
927 1520 1206 1562 ominatorum
1239 1519 1470 1562 carminum
1507 1518 1654 1561 modos

180 1589 400 1647 praecipit?
444 1589 529 1642 ὅροι
549 1590 642 1631 ὁδοῦ
662 1588 837 1646 poetice,
857 1588 1213 1644 quemadmodum
1235 1587 1351 1646 apud
1373 1586 1496 1629 Pind.
1519 1587 1587 1630 Ol.
1610 1587 1652 1639 8,

179 1670 248 1714 92.
281 1658 409 1712 ἔγειρε
430 1656 559 1699 ἐπέων
578 1658 693 1710 οἶμον
711 1658 843 1711 λιγύν.
874 1657 1108 1699 BLOMF.

239 1727 361 1782 ἔχεις]
384 1726 456 1781 ἔχη
476 1725 542 1767 Fl.

239 1794 472 1850 θεσπεσίας]
495 1795 707 1838 θεσπετίας
726 1793 829 1836 Ald.
860 1795 1027 1837 θεσπίας
1050 1793 1194 1850 Steph.

244 1864 364 1918 1156.
401 1863 553 1904 Versus
579 1878 632 1903 ex
659 1861 839 1918 tripodia
857 1861 1034 1904 iambica
1053 1871 1094 1904 et
1114 1862 1293 1904 dimetro
1313 1861 1522 1903 trochaico
1540 1870 1652 1904 cata-

180 1930 326 1972 lectico
346 1930 610 1986 compositus.

241 1998 361 2053 γάμοι
380 1998 518 2053 γάμοι]
543 1997 663 2052 γάμοι
682 1997 812 2051 γάμον
831 1997 935 2039 Ald.
996 1996 1192 2040 Alterum
1215 1998 1335 2052 γάμοι
1355 2013 1436 2040 om.
1459 1998 1572 2040 Rob.

244 2067 370 2122 1158.
393 2076 513 2122 1159.
539 2073 580 2108 et
598 2067 720 2121 1169.
741 2076 865 2119 1170.
887 2065 929 2106 in
953 2081 1084 2107 unum
1106 2081 1270 2108 versum
1291 2066 1587 2123 conjungendi.

244 2149 262 2176 1
274 2147 371 2190 159.
393 2134 613 2191 ἠνυτόμαν]
638 2135 720 2175 Per
739 2134 910 2186 ηὐξάμην
930 2133 1109 2191 explicat
1130 2134 1362 2176 scholiasta.

244 2205 368 2245 1160.
402 2211 444 2244 et
475 2218 590 2259 seqq.
629 2217 762 2259 usque
793 2201 846 2243 ad
878 2202 1004 2244 finem
1032 2201 1189 2243 fabulae
1220 2202 1465 2245 exciderunt
1499 2218 1551 2245 ex
1585 2204 1653 2247 M.

183 2271 328 2314 Guelf.
351 2270 457 2312 Ald.
479 2271 591 2312 Rob.
615 2271 778 2312 Turn.:
811 2269 1011 2327 leguntur
1031 2269 1073 2311 in
1095 2270 1162 2312 Fl.
1186 2272 1244 2312 T.
1266 2272 1373 2313 Ven.
1397 2271 1542 2329 Steph.
1600 2273 1654 2314 In

183 2340 250 2382 M.
274 2339 328 2381 ab
348 2354 473 2380 manu
495 2338 721 2380 recentiore
741 2337 996 2395 adscriptum
1018 2340 1150 2380 λείπει
1170 2339 1263 2393 ἄχρι
1289 2338 1430 2383 τέλους
1448 2339 1655 2394 Ἀγαμέμ·

183 2424 312 2451 νονος.
372 2406 422 2448 In
444 2406 546 2448 Ald.
572 2415 614 2448 et
643 2407 779 2447 Turn.
811 2421 863 2447 ne
892 2406 1047 2448 indicio
1075 2407 1246 2463 quidem
1275 2407 1465 2450 defectus
1492 2408 1658 2465 adjecto

182 2475 374 2532 pergitur
393 2474 446 2516 ad
469 2474 660 2531 Choeph.
682 2490 720 2515 v.
742 2487 809 2516 10.
840 2475 881 2515 τί
905 2477 1038 2529 χρῆμα
1185 2507 1197 2526 ,
1230 2485 1392 2518 servata
1420 2492 1496 2534 per
1525 2486 1655 2519 totam

182 2542 293 2584 illam
335 2542 521 2584 fabulam
562 2542 893 2599 Agamemnonis
931 2542 1208 2600 inscriptione.
1283 2545 1516 2596 Lacunam,
1558 2559 1656 2601 quae

183 2610 513 2667 Agamemnonis
532 2620 693 2667 partem
714 2610 916 2667 reliquam
939 2626 1023 2653 una
1042 2626 1137 2652 cum
1161 2611 1507 2669 Choephororum
1536 2613 1655 2654 initio

181 2678 399 2729 absumsit,
420 2677 581 2734 primus
600 2678 893 2721 animadvertit
913 2679 1199 2730 Robur-tellus,
1220 2680 1294 2736 qui
1317 2691 1413 2737 post
1436 2683 1589 2737 Agam.
1610 2696 1652 2723 ν.

187 2761 204 2788 1
217 2759 311 2802 159.
332 2744 562 2802 adscripsit.
595 2749 624 2770 “
639 2746 785 2787 Multa
805 2747 956 2788 desunt
974 2748 1124 2802 influe
1142 2747 1268 2802 hujus
1288 2750 1525 2805 tragoediae.
1553 2764 1654 2790 nam

182 2830 280 2872 quae
313 2820 547 2872 sequuntur
574 2820 674 2855 sunt
704 2829 758 2856 ez·
788 2815 1001 2871 tragoedia
1030 2817 1268 2869 Χοηφόρων,
1299 2824 1348 2859 ut
1372 2823 1509 2874 patet,
1533 2819 1656 2875 cujus

185 2897 342 2941 quoque
361 2883 535 2923 initium
555 2881 858 2923 desideratur?

251 2951 374 2992 1160.
413 2949 694 3004 κάχερουσίους
723 2947 883 3004 ὄχθους]
915 2950 1175 3004 κᾶχερουσίας
1208 2951 1332 3006 ὄχθας
1367 2952 1656 3006 Casaubonus,
1742 2977 1745 2981 ’

862 3018 989 3062 3132
