1962 3224
551 179 641 220 AD
672 178 1208 220 AGAMEMNONEM.
1526 181 1614 224 337

199 292 464 346 περίπεμπτα]
507 293 783 345 περίπεμπτος,
826 293 900 349 qui
944 293 1218 334 circumcirca
1266 293 1465 336 mittitur.
1526 295 1614 337 Hic

143 374 240 401 vero
258 359 509 416 adjectivum
531 359 781 402 sumendum
803 369 865 402 est
885 359 1192 411 adverbialiter,
1208 360 1314 402 utin
1333 360 1615 405 locutionibus

139 427 272 471 ἔτεκες
291 428 464 479 ἀνόνητα
483 426 634 484 Eurip.
658 426 836 484 Hippol.
857 441 874 468 1
887 440 978 480 140.
1001 427 1095 483 (ubi
1111 427 1196 469 vid.
1217 428 1393 482 Monk.)
1411 428 1615 484 Ἀλεκτρα

138 495 420 548 γηράσκουσαν
448 494 667 547 ἀνυμέναιά
699 512 743 537 τε
775 495 904 552 Soph.
939 495 1095 537 Electr.
1127 497 1229 550 962.
1262 496 1457 551 ἄνανδρος
1490 501 1614 540 πολιὰ

139 563 422 616 παρθενεύεται
452 562 606 620 Eurip.
640 563 792 605 Helen.
831 576 928 618 290.
979 567 1081 612 Νῦν,
1114 565 1226 618 ῥόδα,
1261 565 1530 618 φοινίσσεσθε
1564 566 1615 606 τὰ

139 630 322 683 πένθιμα,
346 630 510 673 Mosch.
532 644 575 687 3,
596 641 637 687 5.
669 632 905 674 BLOMF.

197 701 435 756 θυοσκινεῖς]
475 699 749 742 Scribendum
788 702 969 744 θυοσκεῖς
1005 715 1101 741 cum
1135 701 1277 742 Turn.
1312 699 1451 742 Schol.
1481 699 1523 741 in
1557 702 1611 743 T.

142 767 298 821 εὕρηται
318 768 381 809 καὶ
407 771 626 816 θυοσκοεῖς,
649 769 700 812 ὣς
725 768 803 810 ἀπὸ
823 771 892 809 τοῦ
914 769 1117 816 θυόσκοος,
1140 769 1162 809 ὁ
1183 770 1247 809 διὰ
1267 771 1415 810 θυσιῶν
1435 769 1480 809 τὸ
1508 768 1612 821 μέλ-

138 839 217 877 λον
233 839 346 887 κοῶν,
367 835 453 888 ἤτοι
472 840 590 878 νοῶν.
623 837 715 881 θύος
734 838 811 890 γὰρ
831 836 875 878 τὸ
898 839 1011 888 θῦμα.
1035 836 1223 894 Hesych.
1247 840 1462 879 Θυοσκεῖν.
1496 838 1614 890 ἱεροῖς

138 902 397 958 παρέχεσθαι,
419 902 444 955 ἢ
474 907 588 948 θεοῖς.
611 904 685 946 ubi
704 905 843 946 forsan
874 903 1115 961 legendum,
1140 905 1226 957 ἶερᾶ
1254 904 1505 959 παρέχεσθαι
1533 908 1615 949 τοῖς

139 973 259 1015 θεοῖς.
281 972 516 1014 BLOMF.
552 971 757 1029 Hesychii
775 971 955 1028 glossam
977 987 1060 1014 non
1081 981 1192 1014 recte
1212 971 1450 1014 emendavit
1471 972 1614 1014 Blom-

137 1036 300 1080 fleldus.

196 1107 265 1148 88.
305 1111 384 1149 τῶν
418 1109 788 1160 ἀστυνόμων-τῶν
818 1107 850 1149 τ’
885 1108 1105 1165 ἀγοραίων]
1145 1110 1260 1166 Sept.
1295 1118 1391 1164 257.
1427 1107 1535 1162 Ἐγὼ
1569 1110 1614 1150 δὲ

136 1175 269 1229 χώρας
289 1179 371 1219 τοῖς
389 1177 676 1230 πολισσούχοις
695 1179 816 1226 θεοῖς,
839 1177 1102 1228 Πεδιονόμοις
1121 1193 1165 1218 τε
1182 1177 1351 1230 κάγορᾶς
1368 1177 1611 1220 ἐπισκόποις.

136 1243 239 1284 1)υο
267 1252 408 1284 autem
437 1259 590 1299 genera
619 1243 794 1285 deorum
826 1244 1060 1296 ἀστυνόμων
1087 1252 1231 1292 erant3
1264 1242 1436 1298 χθόνιοι,
1468 1243 1613 1300 quales

137 1310 280 1362 Pluto,
303 1311 447 1353 Furiae
472 1313 546 1354 &c.
575 1313 729 1359 ὕπατοι,
751 1311 887 1368 qualis
907 1311 1081 1368 Jupiter
1110 1313 1183 1354 ὅτε.
1215 1327 1396 1368 quorum
1427 1312 1497 1354 alii
1526 1327 1611 1354 coe-

135 1378 271 1429 lestes,
303 1378 373 1420 alii
407 1379 500 1420 foro
534 1388 767 1436 praeerant;
807 1395 846 1420 v.
868 1395 909 1435 g.
942 1380 1137 1431 Hermes,
1169 1390 1211 1421 et
1242 1379 1413 1436 Apollo.
1475 1381 1611 1423 Haud

132 1446 256 1504 longe
275 1447 472 1490 absimilis
492 1455 553 1489 est
575 1449 766 1489 Deorum
794 1447 942 1489 divisio
969 1463 1037 1504 ap.
1063 1448 1161 1490 Liv.
1182 1463 1217 1500 1,
1240 1462 1310 1505 32.
1345 1449 1462 1490 Audi
1482 1451 1610 1507 Jupi-

136 1522 215 1567 ter,
234 1522 275 1557 et
299 1522 345 1557 tu
365 1517 504 1566 ιῙαφιο,
529 1517 724 1567 Quirine,
744 1517 904 1573 Diique
922 1517 1111 1574 Deoeque
1136 1531 1277 1558 omnes
1304 1517 1497 1569 caelestes,
1520 1532 1610 1559 vos-

134 1598 213 1641 que
242 1589 473 1634 terrestres,
507 1598 658 1641 vosque
686 1585 850 1639 z'vy‘erni
880 1585 1036 1626 audite.
1087 1584 1208 1626 Infra
1225 1584 1326 1638 487.
1351 1584 1610 1642 Talthybius

133 1651 353 1708 compellat
373 1653 403 1692 J
406 1667 524 1694 ovem
545 1654 697 1694 ὕπατον
715 1653 860 1707 χώρας,
879 1661 921 1693 et
942 1653 1054 1696 θεοὺς
1075 1654 1279 1706 ἀγωνίους,
1302 1662 1344 1695 et
1362 1651 1513 1706 Ἑρμῆν
1533 1654 1607 1710 qui

135 1721 320 1774 ἀγοραῖος
348 1731 463 1768 erat;
511 1721 638 1761 Verte
667 1720 797 1777 igitur
817 1722 988 1762 deorum
1007 1721 1152 1762 urbem-
1173 1722 1416 1771 tenentium,
1438 1721 1607 1773 scilicet,

131 1803 396 1846 superorum,
417 1786 668 1840 inferorum,
689 1788 914 1830 coelestium
935 1794 975 1830 et
974 1788 1240 1844 sorensium.
1271 1789 1504 1830 BLOMF.

192 1869 259 1911 91.
280 1855 430 1911 βωμοὶ]
454 1855 749 1912 Intelligendae
770 1866 868 1898 sunt
888 1871 972 1898 arae
993 1855 1035 1896 in
1054 1855 1203 1912 plateis
1223 1856 1384 1912 positae,
1400 1857 1605 1913 siquidem

133 1924 222 1968 ἔθος
241 1924 291 1976 ἢν
310 1928 390 1967 τοῖς
411 1926 456 1966 ἐν
476 1925 630 1978 ἀγυιαῖς
653 1923 879 1977 ἱσταμένοις
900 1928 1006 1967 θεοῖς
1028 1924 1092 1965 ἐπὶ
1115 1928 1200 1967 ταῖς
1229 1924 1463 1978 ἐρχομέναις
1488 1926 1606 1980 ἀγγε-

133 1992 240 2035 λίαις
269 1992 390 2042 θύειν,
423 1991 485 2033 uti
514 1991 573 2033 ait
602 1991 728 2033 schol.
751 1991 972 2047 Aristoph.
1002 1991 1044 2032 N
1050 1990 1120 2032 ub.
1142 2001 1263 2045 1317.
1294 1992 1535 2048 Harpocrat
1562 2008 1602 2035 v,

131 2059 307 2112 Ἀγυιᾶς.
341 2060 436 2100 Has
453 2073 545 2100 aras
567 2058 730 2115 respicit
751 2057 1008 2114 Talthybius
1030 2073 1072 2098 v.
1093 2067 1192 2112 502.
1214 2057 1398 2099 salutans
1417 2060 1606 2111 δαίμονας

134 2127 357 2178 ἀντηλίους.
390 2127 627 2168 BLOMF.

190 2194 367 2247 δώροισι]
394 2195 530 2247 δώροις
549 2194 618 2234 Μ.
641 2193 677 2234 F
680 2192 707 2235 l.
733 2191 879 2234 Guelf.
901 2192 1004 2235 Ald.
1029 2194 1142 2235 Rob.

190 2274 259 2317 94.
289 2262 525 2317 χρίσματος]
559 2260 756 2315 χρήματος
776 2260 879 2302 Ald.
943 2261 1217 2303 Scribendum
1245 2264 1435 2316 χρίματος
1462 2278 1514 2303 ex
1537 2263 1602 2304 M.

134 2330 245 2371 Rob.
266 2345 392 2386 quam
420 2329 596 2371 formam
625 2345 677 2370 ex
700 2328 943 2370 Callimachi
965 2329 1071 2370 Lav.
1094 2329 1204 2370 Pall.
1228 2331 1291 2371 16.
1315 2331 1386 2372 26.
1406 2329 1605 2372 indicavit

133 2396 419 2438 Blomfieldus.
467 2401 496 2421 ‘⁴
519 2397 616 2438 Hoc
637 2396 727 2437 loco
747 2395 800 2437 de
819 2396 911 2436 oleo
930 2395 1090 2437 dictum
1110 2404 1172 2437 est
1191 2412 1277 2452 quo
1297 2396 1466 2438 flamma
1485 2398 1605 2453 quasi

130 2464 423 2520 inungebatur.
485 2465 582 2506 Hoc
601 2464 655 2506 ab
677 2479 756 2506 usu
777 2470 968 2506 sanetum
989 2479 1021 2506 s.
1044 2470 1222 2516 castum,
1243 2465 1296 2506 ab
1317 2473 1468 2507 natura
1487 2466 1605 2507 molle

130 2547 162 2573 s.
192 2530 417 2586 liquidum,
448 2547 473 2572 a
503 2532 699 2588 puritate,
728 2533 939 2574 sincerum
970 2547 1052 2573 nou
1088 2531 1372 2575 adulteratum
1409 2532 1603 2575 dicitu1·.''

134 2600 266 2640 SCH.

188 2667 257 2721 96.
278 2664 472 2723 μυχόθεν]
496 2666 566 2707 Ex
586 2666 741 2708 intimis
770 2666 927 2708 aedium
949 2668 1153 2724 partibus,
1173 2668 1199 2710 i.
1220 2684 1254 2709 e.
1276 2683 1327 2710 ex
1351 2668 1603 2723 Clytaemne-

131 2746 227 2777 strae
248 2734 453 2778 thalamis.
486 2735 724 2776 BLOMF.

189 2814 258 2858 97.
289 2801 429 2854 λέξασ’
450 2803 473 2843 ὅ
493 2819 530 2843 τι
550 2802 617 2843 Fl.
641 2801 779 2852 λέξασ’
802 2802 864 2843 ὅτι
891 2802 1052 2845 codices
1082 2803 1232 2859 reliqui
1260 2812 1302 2844 et
1322 2802 1434 2844 Rob.
1459 2802 1603 2858 Steph.

129 2869 210 2922 λέέ
232 2871 292 2911 ὅτι
309 2869 410 2911 Ald.
433 2884 519 2925 qua
539 2868 745 2926 scriptura
763 2869 964 2925 deceptus
981 2871 1117 2912 Turn.
1138 2871 1201 2912 καὶ
1221 2879 1316 2926 post
1332 2870 1397 2911 σοὶ
1417 2869 1601 2911 inseruit.

130 2937 249 2989 λέξον
270 2936 302 2978 θ’
327 2938 350 2978 ὅ
370 2955 406 2979 τι
428 2938 494 2978 σοὶ
515 2937 681 2979 δυνατὸν
703 2937 987 2978 Blomfieldus.

833 3021 856 3047 υ
881 3023 906 3047 u
